5125 6468
1346 782 2693 863 ANAToM1CAE,
3082 753 3325 870 ’σς

704 966 904 1021 terea
961 946 1568 1054 conspiciendum
1626 947 1695 1023 se
1765 948 2063 1027 exhibet
2127 977 2258 1055 per
2326 952 2567 1027 literas
2644 954 2928 1027 NNN
3006 952 3340 1029 cranium

701 1070 1000 1175 oblique
1068 1074 1410 1151 recisum:
1480 1098 1829 1180 tum-per
1896 1079 2059 1150 GG
2118 1077 2450 1151 cranium
2509 1078 2742 1181 ipsum
2807 1079 2884 1151 in
2956 1079 3183 1154 vitrea
3231 1076 3338 1153 0ss

704 1195 792 1271 sis
859 1195 1120 1274 frontis
1182 1201 1449 1274 lamina
1526 1202 1702 1275 dura
1778 1220 2010 1275 matre
2077 1192 2446 1288 exutum,
2521 1204 2591 1279 ἃ
2666 1229 2898 1307 prope
2966 1234 3048 1279 os
3120 1205 3334 1281 instar

704 1322 924 1397 cristae
954 1383 972 1412 ,
1016 1345 1234 1429 atque
1278 1351 1442 1399 cum
1487 1321 1636 1400 osse
1682 1329 1884 1412 MC,
1934 1327 2136 1429 quod
2174 1354 2401 1431 quum
2439 1328 2633 1402 varie
2675 1328 3042 1432 pertusum
3074 1329 3155 1404 fit
3178 1360 3337 1408 mo-

705 1477 782 1525 re
848 1448 1112 1537 cribri,
1169 1476 1206 1523 a
1268 1451 1535 1526 Graecis
1602 1441 2035 1526 ethmoides¹
2075 1452 2384 1540 dicitur,
2449 1452 3335 1556 conjunclum'apparet.

706 1571 1055 1674 Denique
1113 1601 1199 1649 ex
1262 1576 1466 1651 litera
1527 1579 1581 1651 F
1648 1575 2071 1682 temporum
2121 1578 2482 1653 musculus
2528 1577 2869 1653 deorsum
2916 1575 3337 1666 substratuS,

708 1699 779 1774 81
833 1724 920 1773 ex
966 1697 1192 1774 literis
1253 1702 1418 1776 O'O
1474 1701 1984 1803 integumenta
2003 1703 2484 1864 0aliquantum
2530 1702 2879 1779 inclinata
2927 1701 3340 1808 deprehen-

711 1825 985 1899 duntur
1012 1879 1031 1898 .
2768 1850 2770 1852 ’

1366 2001 2248 2177 ιΡῑᾱυιεΑ
2460 2052 2642 2152 IL

892 2343 1024 2417 ER
1080 2341 1331 2416 literas
1389 2345 1556 2417 AA
1619 2341 1756 2416 hac
1817 2343 1889 2440 in
1941 2346 2185 2417 ‘Icone
2250 2330 2756 2438 ostenduntur·
2791 2338 3347 2440 integumenta,

920 2496 1078 2573 quae
1143 2464 1368 2569 ipsam
1434 2465 1755 2542 frontem
1821 2489 2231 2568 contegunt
2273 2462 2641 2566 ,figgetiamfi
2687 2489 2950 2565 magna
3002 2490 3090 2538 ex
3142 2485 3350 2567 parte

716 2592 812 2668 ab
872 2589 1025 2695 ipso
1091 2592 1238 2666 osse
1311 2588 1546 2666 avulsa
1587 2646 1604 2664 .
1653 2594 1785 2664 Ex
1850 2593 2073 2666 literis
2138 2620 2316 2667 vero
2389 2594 2522 2665 BB
2588 2611 3010 2692 temporum
3071 2588 3353 2664 muscu-

711 2718 760 2795 li
832 2716 1201 2819 superiore
1274 2737 1477 2817 parte
1543 2743 1581 2789 a
1646 2735 2066 2819 temporum
2118 2715 2267 2791 osse
2321 2712 2567 2788 disciffi
2602 2771 2621 2801 ,
2672 2716 2739 2789 8<
2790 2712 2880 2809 ad
2919 2713 3141 2786 latera
3197 2739 3354 2787 ver-

707 2860 1012 2942 gentes:
1057 2837 1685 2944 quemadmodum
1738 2868 1825 2915 ex
1892 2846 1960 2914 G
2035 2839 2449 2913 ethmoides
2497 2866 2580 2912 os
2626 2858 3058 2942 comparet,
3126 2837 3192 2912 8<
3260 2863 3350 2911 ex

709 2973 785 3055 Q
856 2964 1097 3068 quinti
1166 2965 1359 3067 paris
1427 2962 1756 3039 extensio
1805 2989 1932 3068 per
1988 2960 2207 3067 ipssus
2253 2965 2448 3039 oculi
2496 2964 2961 3040 membranas
3014 2963 3163 3034 sese
3217 2958 3351 3033 dif-

708 3090 1030 3165 fundens
1083 3145 1101 3175 ,
1183 3089 1264 3164 8<
1321 3114 1448 3191 per
1512 3115 1617 3162 cc
1681 3089 1937 3162 eadem
2008 3068 2337 3163 extensio
2403 3090 2551 3163 aliis
2591 3147 2616 3177 ,
2656 3086 3120 3192 atque'aliis
3176 3087 3349 3160 inde

710 3211 929 3289 ramis
987 3210 1260 3299 divisa,
1347 3240 1501 3316 quse
1570 3232 1769 3287 extra
1836 3216 2167 3288 cranium
2237 3215 2311 3288 in
2382 3212 2709 3288 frontem
2771 3211 2967 3287 abit.
3038 3209 3350 3284 ltemli-v

710 3319 1220 3437 terjae‘OOO
1266 3337 1400 3412 &a
1459 3337 1729 3410 'duram
1796 3322 2105 3432 matrem
2169 3340 2547 3427 indicant,
2611 3367 2767 3442 qua:
2812 3338 2887 3411 in
2940 3337 3352 3411 extremita-

712 3464 909 3539 tibus
968 3461 1187 3536 'instar
1251 3461 1502 3535 circuli
1573 3458 2014 3567 conspicitur
2059 3522 2077 3552 ,
2153 3487 2231 3538 ut
2302 3461 2623 3561 ejusdem
2687 3464 2882 3536 durae
2945 3461 3191 3535 matris
3255 3458 3354 3533 fa-

713 3589 863 3661 cies
926 3613 1154 3690 quum
1219 3581 1572 3671 interiOr,
1634 3607 1794 3659 tum
1855 3586 2180 3666 ,exterior
2231 3587 2590 3692 spectetur
2627 3642 2647 3661 .
2718 3590 3071 3661 Praeterea
3139 3571 3227 3658 ex
3282 3584 3358 3656 li-

713 3714 891 3786 teris
942 3714 1114 3809 FFv
1146 3708 1547 3784 ostenditur
1627 3711 1821 3784 durae
1890 3710 2110 3816 ipfius
2174 3714 2422 3785 matris
2479 3712 2783 3785 interior
2858 3736 3069 3814 pars,
3137 3734 3359 3811 quam
3424 3740 3428 3744 ·

716 3835 945 3909 cranii
1012 3833 1163 3909 offa
1231 3833 1594 3920 vestiunt,
1669 3837 1758 3908 ad
1821 3837 2044 3909 latera
2112 3836 2413 3938 quidem
2484 3833 2839 3910 extensa:
2906 3855 2982 3908 ut
3050 3861 3136 3908 ex
3199 3835 3358 3907 lite-

721 3960 836 4055 ris·
880 3962 1026 4032 EE
1098 3959 1542 4033 cerebellum
1584 3959 1729 4061 pia
1792 3982 2024 4032 matre
2089 3959 2381 4061 integre*
2429 3961 2852 4055 conteflum
2884 4015 2903 4045 ,
2953 3960 3022 4031 ὅ(
3068 3983 3154 4031 ex
3206 3959 3359 4029 DD

719 4079 908 4158 basis
968 4084 1162 4157 tertii
1230 4082 1662 4170 ventriculi,
1730 4083 1852 4158 ubi
1912 4109 2227 4187 corpora
2291 4084 2524 4160 striata
2591 4086 2926 4159 locantur
2969 4141 2988 4171 ,
3062 4080 3356 4157 exhibe·
3426 4169 3432 4175 ἱ

719 4229 888 4282 tur.
953 4211 1061 4281 At
1132 4207 1514 4283 cerebrum
1550 4263 1568 4293 ,
1630 4207 1832 4308 quod
1887 4207 2082 4282 illam
2140 4209 2557 4298 constituit,
2606 4237 2768 4284 eam
2816 4209 3101 4282 adrem
3152 4230 3356 4306 pror-

720 4331 837 4407 sus
892 4351 1220 4406 amotum
1278 4330 1903 4435 deprehenditur,
1966 4353 2043 4406 ut
2097 4317 2507 4411 nervorum
2548 4335 2966 4437 opticorum
3014 4329 3351 4417 thalami,

724 4457 1311 4559 eorumdemque
1373 4455 1819 4560 principium
1885 4456 2143 4529 clarius
2209 4455 2665 4533 innotescat.
2730 4461 2864 4531 Per
2931 4457 3167 4529 literas
3232 4481 3352 4529 au-
3392 4529 3402 4536 ,,

720 4604 877 4656 tem
942 4584 1152 4675 MM
1226 4579 1663 4655 exhibentur
1739 4580 1971 4654 nervi
2023 4582 2251 4683 optici
2322 4576 2764 4656 a’thalamis
2832 4599 3349 4680 emergentes,
3435 4668 3440 4671 Ι

725 4694 1124 4811 posteriore
1185 4687 1391 4808 parte
1456 4697 1702 4782 ³'versus
1769 4705 2063 4779 tertium
2133 4707 2626 4780 ventriculum
2689 4702 2991 4793 divulsi,
3070 4703 3358 4780 eadem-

727 4856 873 4934 que
938 4827 1336 4932 posteriore
1406 4852 1639 4935 parte*
1688 4857 1922 4936 prope
1993 4830 2440 4932 cerebellum
2505 4831 2714 4912 elati.
2802 4833 2995 4906 Item
3059 4832 3212 4906 dua:
3279 4828 3356 4903 li-

2228 4958 2301 5030 R
3188 4976 3356 5031 {etz
