5125 6468
1898 743 1976 802 82
2814 737 3630 807 TABULAE

2340 922 4119 1048 FIGURAXI.

1888 1146 2244 1326 POrro
2319 1145 2555 1252 ipsum
2623 1179 2706 1228 os
2778 1151 2899 1226 hic
2965 1149 3411 1257 conspicitur
3443 1210 3463 1242 ,
3509 1148 3797 1227 tametsi
3841 1148 4269 1228 substratum
4301 1205 4320 1235 ,
4367 1175 4544 1224 con-

2085 1270 2408 1377 spirante
2488 1278 2951 1352 extremitate
3012 1274 3162 1379 ipsa
3227 1298 3514 1354 meatus
3589 1277 3929 1353 auditorii
3976 1275 4325 1352 extimam
4383 1298 4545 1377 par-

1888 1415 2042 1470 tem
2102 1396 2498 1503 speaantis
2545 1457 2563 1475 .
3465 1514 3468 1518 ⁷

2077 1629 3414 1733 »FJGvRA
3723 1627 4203 1730 XI·I.

2042 1869 2319 1945 Umma
2396 1870 2720 1944 navitate
2788 1868 2949 1944 usus
3013 1868 3296 1945 Auctor
3377 1866 3653 1943 indicat
3740 1865 3889 1941 hoc
3967 1868 4137 1940 loco
4222 1862 4543 1968 labyrin-

2080 1993 2291 2070 thum
2334 2052 2352 2081 ,
2453 1995 2964 2097 integramque
3036 1992 3418 2067 cochleam
3490 2021 3527 2067 a
3597 1978 3910 2096 petros&
3972 1990 4131 2095 ipso
4204 1989 4542 2094 processu

1895 2109 2248 2194 divulsam
2290 2176 2309 2193 .
2404 2122 2539 2192 Per
2600 2125 2673 2192 A
2749 2118 2947 2192 enim
3012 2102 3399 2191 exhibetur
3466 2117 3805 2193 foramen
3871 2117 3962 2191 ad
4032 2115 4542 2218 labyrinthum
4628 2225 4631 2229 V
4736 2178 4740 2180 .
4847 2165 4856 2177 2

1893 2246 2172 2319 ducens
2213 2297 2233 2327 ,
2305 2266 2438 2343 per
2490 2245 2554 2316 .ss
2622 2267 2804 2315 vero
2868 2243 3175 2315 alterum
3222 2237 3559 2315 foramen
3592 2299 3612 2329 ,
3677 2240 3881 2344 quod
3930 2240 4020 2314 ad
4069 2239 4388 2316 cochleae
4429 2243 4543 2314 ca-

1888 2396 2105 2445 veam
2176 2367 2369 2441 viam
2439 2364 2737 2439 sternit.
2807 2366 3054 2440 Litera
3126 2384 3367 2439 autem
3437 2370 3513 2440 D
3575 2363 3896 2466 ejusdem
3948 2365 4265 2441 cochleae
4318 2366 4543 2441 circu-

1891 2498 2045 2571 lum
2111 2490 2474 2567 ostendit:
2537 2492 3164 2594 quemadmodum
3232 2487 3455 2566 literae
3519 2494 3786 2565 CCC
3845 2488 4334 2578 semicirculos
4392 2512 4539 2567 tres

1889 2618 2306 2706 denotant,
2371 2615 2496 2719 qui
2567 2602 3075 2718 labyrinthum
3151 2613 3482 2691 efficiunt
3522 2670 3541 2689 .

2454 2843 3281 2945 FleRA
3484 2842 3954 2946 XIII.

2040 3081 2226 3177 Itera
2294 3080 2363 3153 A
2431 3077 2568 3152 hac
2638 3079 2715 3151 in
2778 3081 3001 3154 lcone
3067 3078 3557 3156 semicirculos
3601 3137 3619 3165 ,
3680 3076 3975 3180 viasque
4040 3077 4536 3180 demonstrat,

2090 3230 2249 3305 qua:
2316 3204 2408 3276 ad
2466 3202 2848 3278 cochleam
2920 3207 3252 3294 ducunt,
3319 3204 3444 3281 etsi
3520 3205 3781 3278 eadem
3852 3200 4178 3305 leparata
4237 3230 4536 3307 quoque

1884 3355 1924 3402 a
1992 3327 2287 3431 petroso
2363 3328 2699 3430 proccflu
2766 3330 3264 3434 conspicitur,
3338 3330 3597 3405 additis
3663 3325 4116 3401 foraminulis
4173 3328 4354 3416 illis,
4403 3356 4534 3433 per

1887 3481 2046 3555 qua:
2116 3452 2354 3524 mollis
2435 3454 2833 3527 auditorius
2920 3456 3152 3530 dietus
3228 3481 3501 3529 nervus
3577 3452 4065 3553 ingreditur.
4137 3457 4534 3556 Apparent

1884 3573 2154 3649 deinde
2219 3576 2437 3648 literae
2519 3580 2653 3648 ssss
2720 3578 3130 3652 indicantes
3196 3580 3373 3652 alios
3434 3575 3840 3679 labyrinthi
3889 3576 4378 3651 semicirculos
4435 3577 4536 3653 ef-

1883 3697 2202 3787 'frat-Itos,
2270 3725 2419 3802 quo
2492 3697 2765 3773 facilius
2834 3700 3136 3796 cochlea
3197 3688 3489 3806 p‘ateat3
3561 3703 3713 3775 hacc
3773 3698 3971 3773 enim
4035 3701 4305 3777 extima
4371 3681 4532 3807 par-

1885 3842 1958 3899 te
2030 3823 2107 3896 in
2173 3822 2368 3897 hanc
2437 3852 2589 3898 rem
2653 3823 3021 3902 confracta
3083 3827 3712 3932 deprehenditur,
3792 3847 3870 3898 ut
3935 3827 4283 3901 nimirum
4329 3826 4531 3905 semi-
4591 3880 4593 3882 -

1890 3945 2255 4021 circularis
2331 3948 2482 4048 ejus
2547 3976 2769 4027 cavea
2835 3979 2966 4056 per
3032 3954 3317 4030 literam
3394 3956 3463 4027 C
3532 3953 3608 4024 in
3674 3948 3952 4024 oculos
4002 3953 4367 4034 incurrat.

1887 4406 2210 4590 HIC
2277 4419 2812 4517 quoquemira
2878 4418 3219 4494 Auctoris
3285 4415 3571 4493 solertia
3639 4417 4274 4523 deprehenditur,
4348 4393 4527 4492 dum

2146 4535 2655 4639 labyrinthum
2729 4568 2895 4615 cum
2970 4543 3104 4618 suis
3179 4540 3658 4620 foraminibus
3701 4603 3719 4632 ,
3801 4540 4174 4646 tribusque
4246 4538 4529 4645 supina-

1806 4687 1808 4689 ·
1883 4658 1974 4731 tis
2032 4661 2496 4738 semicirculis
2565 4691 2602 4738 a
2672 4665 2970 4769 petroso
3038 4666 3371 4772 processu
3443 4665 3720 4744 affabre
3792 4668 4148 4767 sejunxit.

4266 4881 4425 4992 Flo
4434 4918 4526 4993 U-
