5125 6468
1821 1202 1902 1242 22
2736 1173 2794 1238 T
2875 1168 2935 1239 A
3032 1170 3080 1236 B
3175 1163 3235 1239 U
3330 1173 3380 1238 L
3465 1173 3549 1239 ⁴AE

1819 1371 1974 1416 non
2048 1340 2299 1446 procul
2366 1364 2404 1411 a
2467 1333 2831 1413 vertebris
2901 1336 3116 1413 fitum
3161 1394 3181 1424 ,
3229 1356 3473 1442 ¹atque
3525 1321 3750 1410 'omni
3819 1331 4209 1409 involucro
4268 1324 4471 1402 desti-

1819 1487 2096 1540 tutum.
2170 1469 2345 1539 Sese
2419 1463 2594 1538 inde
2660 1463 2906 1569 prodit
2976 1462 3265 1551 vesica,
3328 1490 3488 1567 quae
3542 1472 3630 1536 ex
3691 1460 3899 1534 litera
3945 1458 4016 1533 O
4062 1449 4471 1539 indicatur,

1818 1589 2279 1693 ejusdemque
2350 1587 2621 1665 fundus
2698 1619 2789 1667 ex
2855 1588 3124 1693 figniS,
3182 1618 3340 1695 quae
3398 1589 3518 1664 hic
3581 1586 4030 1662 adnotantur
4084 1580 4132 1623 ἦ*
4172 1579 4208 1620 ⁹⁶
4246 1578 4330 1650 ἦε.
4417 1578 4472 1649 P

1819 1741 1993 1788 vero
2064 1715 2269 1791 litera
2343 1713 2658 1790 ostendit
2737 1716 3138 1791 deltoidem
3209 1712 3666 1799 musculum,
3748 1711 3874 1819 qui
3943 1708 4187 1813 priore
4261 1723 4469 1809 parte

1815 1840 1907 1916 ab
1972 1838 2284 1915 humero
2354 1838 2620 1915 recisus
2676 1860 2977 1945 apparet
3010 1898 3029 1927 ‚
3087 1859 3305 1946 atque
3348 1836 3617 1912 sursum
3666 1835 3874 1911 simul
3924 1861 4093 1910 cum
4141 1832 4267 1906 suo
4310 1850 4472 1904 ten-

1816 1966 1988 2038 dine
2060 1966 2343 2070 pergit,
2414 1986 2491 2040 ut
2564 1967 2771 2041 nervi
2834 1966 3061 2040 oculis
3129 1983 3563 2037 occurrant.
3626 1962 3718 2035 Et
3776 1957 3948 2034 fane
4002 1958 4205 2031 litera
4259 1959 4316 2030 Z
4365 1956 4474 2028 in-

1817 2091 2010 2172 dicat
2054 2091 2198 2165 hoc
2251 2093 2420 2183 loco
2465 2118 2749 2165 ramum
2797 2089 3225 2178 nervosum,
3294 2090 3362 2163 ἃ
3422 2085 3770 2172 cervicis,
3835 2087 3905 2161 8<
3952 2081 4469 2173 brachiorum,

1818 2218 1943 2320 qui
2011 2216 2408 2322 posteriore
2473 2240 2680 2321 parte
2745 2244 2874 2322 per
2942 2214 3097 2291 suas
3166 2212 3348 2321 ipsas
3420 2210 3636 2288 fibras
3700 2209 4190 2318 expanditur.
4264 2211 4469 2280 Con-

1817 2362 1927 2416 tra
1963 2344 2199 2419 ilitera
2263 2346 2330 2416 T
2401 2327 2716 2418 ostendit
2779 2340 3182 2416 musculum
3241 2335 3703 2413 extensorem
3762 2337 4119 2434 longum,
4173 2331 4298 2432 qui
4346 2330 4472 2403 suo

1821 2465 1953 2540 fitu
2020 2469 2471 2553 collocatur,
2547 2467 3178 2569 quemadmodum
3245 2456 3843 2554 Qextensorem
3904 2458 4209 2534 brevem
4268 2479 4472 2531 extra

1821 2593 2226 2665 naturalem
2305 2588 2623 2693 posttum
2711 2596 3030 2667 locatum
3074 2647 3092 2664 .
3182 2591 3435 2667 Oculis
3507 2611 3806 2691 quoque
3883 2579 4032 2657 sese
4110 2577 4472 2677 objiciunt

1826 2714 2127 2819 musculi
2196 2714 2667 2790 brachiorum
2740 2716 3123 2818 interiores
3190 2717 3256 2788 R
3301 2717 3421 2804 R,
3487 2715 3556 2788 8<
3613 2711 3867 2814 biceps
3925 2713 3971 2783 S
4037 2697 4307 2780 sinister
4359 2704 4477 2779 ali-

1827 2843 2261 2950 quantulum
2315 2842 2665 2917 interiore
2713 2863 2918 2947 parte
2975 2842 3315 2919 admotus
3348 2893 3367 2923 ,
3425 2858 3501 2911 ut
3553 2835 3829 2911 facilius
3872 2834 3951 2907 in
3997 2830 4475 2934 conspectum

1820 2965 1893 3042 se
1959 2965 2224 3068 prodat
2264 3018 2282 3035 .
4240 2987 4242 2989 ·
4333 3037 4365 3071 (f

1811 3111 1815 3195 J
2038 3087 2247 3162 Licet
2311 3087 2483 3190 inde
2549 3088 2818 3162 intueri
2880 3090 3188 3161 alterum
3258 3086 3561 3162 cervicis
3640 3111 3957 3162 nervum
4027 3080 4472 3156 exteriorem

1798 3205 2092 3290 *dietum
2147 3271 2165 3300 ‚
2246 3213 2371 3315 qui
2448 3211 2750 3315 oblique
2825 3236 2955 3313 per
3020 3210 3410 3287 humerum
3486 3237 3804 3316 pergens
3855 3211 3933 3282 in
3984 3207 4475 3280 interiorem-³

1713 3330 1716 3333 ”
1824 3339 2144 3436 ejusdem
2198 3358 2481 3440 partem
2538 3336 3006 3420 extenditur,
3082 3336 3151 3409 ὅ(
3217 3361 3302 3443 ex
3369 3334 3571 3408 litera
3635 3337 3686 3407 Y
3739 3333 4148 3407 indicatur:
4225 3354 4475 3433 quem·
4527 3332 4529 3334 ’

1817 3461 2216 3534 admodum
2271 3488 2361 3533 ex
2417 3488 2460 3533 x
2514 3462 2692 3535 alter
2746 3459 3047 3536 ¹cervicis
3100 3486 3422 3548 nervu8‚
3494 3458 3619 3561 qui
3695 3456 3785 3532 ab
3853 3455 4079 3530 axillis
4131 3455 4221 3528 ad
4274 3453 4475 3529 cubi-

1816 3577 1970 3658 tum
2025 3582 2247 3688 usque
2300 3611 2759 3682 excurrens,
2836 3583 3078 3661 subter
3132 3605 3612 3688 pronatorem
3662 3584 3989 3666 delatuS,
4069 3579 4146 3652 in
4211 3603 4471 3651 cavam

1822 3735 2083 3782 manus
2154 3729 2440 3812 partem
2493 3709 2828 3783 inseritur
2869 3762 2886 3779 .
2966 3710 3224 3783 Oculis
3296 3734 3593 3813 quoque
3664 3703 4036 3803 subjicitur
4106 3702 4471 3778 muscum&

1823 3824 2197 3934 supinator
2249 3833 2555 3932 longus,
2608 3850 2831 3935 quem
2881 3834 3086 3911 litera
3135 3835 3552 3929 Vindicat3
3604 3857 3693 3906 ex
3746 3826 4050 3904 adverso
4103 3856 4147 3903 x
4199 3829 4476 3905 muscu-

1820 3957 1973 4029 lum
2049 3977 2529 4060 pronatorem
2587 3943 2890 4057 longum
2929 4017 2947 4043 ,
3023 3955 3142 4031 scu
3213 3959 3614 4031 rotundum
3664 3955 4030 4031 ostendit.
4107 3959 4304 4040 Non
4341 3953 4473 4026 mi-

1823 4098 1984 4152 rum
2039 4080 2185 4187 est,
2266 4080 2317 4155 fi
2393 4083 2674 4156 Auctor
2752 4082 2894 4156 hoc
2963 4085 3131 4156 loco
3205 4080 3729 4176 deformaverit
3795 4106 4089 4153 crurum
4144 4106 4470 4164 nerVOS‚

1819 4208 1945 4307 qui
1978 4204 2221 4279 subter
2268 4206 2542 4308 pubem
2604 4209 2861 4294 delati,
2915 4207 3091 4280 hinc
3144 4206 3323 4295 ‚inde
3371 4207 3611 4309 plures
3666 4205 3738 4278 in
3792 4202 4113 4278 surculos
4166 4203 4467 4289 abeunt,

1824 4333 1975 4404 imo
2028 4330 2243 4432 plane
2303 4358 2431 4432 per
2488 4329 2816 4418 femora,
2894 4352 3111 4435 atque
3183 4329 3542 4405 musculos
3611 4327 3778 4431 ipfis
3857 4328 4313 4436 adhaerentes
4364 4329 4472 4402 di·
4578 4402 4580 4404 ,

1825 4457 2170 4528 viduntu'r
2207 4510 2225 4538 ‚
2282 4457 2350 4529 ὅ(
2403 4480 2490 4526 ex
2544 4455 2765 4527 literis
2831 4484 2934 4530 aa
3005 4454 3451 4529 exhibentur
3491 4509 3508 4525 .
3590 4457 3821 4527 Porro
3893 4454 4114 4529 litera:
4187 4456 4325 4524 ssss
4395 4453 4471 4525 in

1745 4680 1748 4683 ι
1826 4577 2298 4679 conspectum
2379 4578 2703 4680 produn-t
2781 4577 3154 4681 processiis
3231 4576 3659 4650 eorumdem
3736 4606 4137 4654 nervorum
4207 4575 4472 4681 suprzL,

1798 4699 2057 4804 'ipsum
2112 4700 2350 4776 femur
2403 4688 2783 4788 extenlos;
2834 4700 3106 4776 etiamli
3164 4727 3248 4775 ex
3301 4700 3448 4773 hoc
3498 4697 3703 4801 ligno
3738 4724 3771 4767 w
3812 4703 3929 4775 alii
3981 4700 4465 4778 ostenduntur
4542 4697 4546 4700 ’

1826 4824 2141 4933 cjulilem
2194 4827 2402 4899 nervi
2453 4828 2754 4913 ductuS,
2817 4828 2937 4930 qui
2993 4822 3232 4900 {ubter
3284 4849 3502 4929 caput
3560 4827 3860 4902 musculi
3913 4828 4247 4932 tricipitis
4304 4856 4468 4932 pro-

1832 4973 2230 5053 }zsffisnbftur„
2307 4951 2603 5054 ini-'uper
2681 4957 2727 5025 Υ
2769 4957 2814 5025 Y
2888 4941 3241 5026 exhibe-m
3313 4952 3636 5053 primum
3705 4953 4048 5054 tricipitis
4123 4976 4342 5058 caput
4425 4982 4466 5029 a

1826 5081 2021 5179 pube
2074 5074 2478 5164 semotum,
2554 5106 2704 5181 quo
2784 5076 3053 5155 facilius
3127 5077 3333 5179 nervi
3383 5105 3548 5162 00,
3615 5077 3709 5151 de
3778 5075 4044 5179 quibus
4097 5077 4307 5182 supra
4361 5080 4464 5152 lo-

1826 5204 2036 5308 quuti
2109 5202 2395 5289 summ,
2469 5204 2617 5280 sese
2690 5204 2767 5277 in
2840 5204 3094 5278 oculos
3148 5202 3531 5301 ingerant:
3579 5189 4245 5305 quemadmodum
4320 5206 4471 5276 ZZ

4273 5347 4466 5399 utro-
