5125 6468
439 1687 448 1696 ,,

1405 1196 2760 1269 ANATOMICAE.
3322 1220 3394 1260 21

748 1382 954 1435 ⁴terea
1017 1360 1067 1435 h
1135 1359 1448 1435 ostendit
1509 1359 1972 1439 maffeterem
2034 1363 2440 1440 musculum
2501 1359 2629 1436 suo
2680 1364 2756 1435 in
2803 1360 3042 1466 positu
3092 1360 3407 1438 colloca-

751 1508 951 1577 tum5⁸
1002 1491 1032 1561 i
1084 1514 1261 1561 vero
1303 1508 1610 1574 nerVOS,
1660 1514 1847 1590 quos
1895 1487 2119 1562 duros
2160 1491 2466 1575 dieunt,
2517 1486 3073 1562 buccinatorem
3122 1488 3403 1562 museu-

753 1615 910 1688 lum
959 1610 1403 1688 subeuntes.
1457 1610 1760 1716 Insuper
1794 1610 1838 1685 f
1858 1611 2158 1689 exhibet
2209 1613 2761 1715 zygomaticum
2814 1611 3260 1700 musculum,
3315 1609 3399 1687 fi-

754 1766 851 1813 ve
905 1736 1290 1839 superioris
1342 1734 1523 1811 labri
1575 1738 2020 1836 levatorem,
2072 1764 2119 1838 g
2170 1759 2419 1811 autem
2470 1735 2833 1819 inferioris
2882 1736 3066 1812 labri
3117 1738 3399 1841 depres

752 1862 1042 1938 sorem.
1127 1864 1355 1937 Porro
1405 1858 1557 1937 sese
1608 1840 1870 1937 offert
1878 1862 2126 1967 aspera
2193 1865 2501 1952 arteria,
2574 1892 2801 1968 quum
2874 1866 2948 1937 in
3021 1853 3401 1952 thora-cern

752 1987 1210 2089 ingreditur,
1263 1986 1337 2061 in
1394 1988 1637 2091 priore
1692 2010 1898 2091 parte
1953 1988 2220 2078 recisa,
2297 2017 2458 2094 quae
2506 1992 2807 2094 quidem
2860 1993 3065 2064 litera
3120 1992 3166 2061 Β
3221 1989 3403 2063 indi—

749 2133 955 2190 catur
988 2167 1005 2185 .
1073 2113 1283 2186 Licet
1337 2089 1635 2218 quoque
1689 2113 1956 2189 intueri
2010 2112 2495 2217 oesophagum
2551 2120 2619 2190 C
2672 2117 2852 2191 item
2902 2109 3254 2199 recisum,
3308 2134 3405 2187 at-

756 2264 905 2341 que
949 2234 1220 2356 asperae'
1272 2238 1545 2313 arteriae
1621 2234 2117 2340 suppositum.
2197 2237 2324 2319 Ob
2398 2242 2653 2315 oeulos
2720 2242 3044 2343 denique
3119 2238 3408 2314 versan

750 2380 914 2437 tur
944 2341 1100 2438 duae
1175 2364 1381 2462 cestae
1449 2388 1578 2467 pp
1643 2361 1888 2466 nervis
1940 2360 2547 2462 gangliformibus
2600 2367 3000 2503 proxim-az,
3004 2385 3207 2440 tum
3260 2365 3410 2439 alie

754 2488 1097 2592 nudatae,
1174 2509 1248 2561 ut
1327 2487 1669 2590 iplorum
1723 2512 2127 2560 nervorum
2194 2486 2615 2589 ingressus
2598 2490 2675 2562 1n
2727 2489 3084 2565 costarum
3137 2518 3408 2567 nervos

754 2633 1154 2719 appareat,
1233 2609 1518 2688 tatnetfi
1588 2612 1793 2685 litera
1866 2638 1915 2715 q
1992 2611 2378 2686 dexterum
2458 2613 2813 2688 costarum
2886 2641 3195 2689 nervum
3247 2613 3412 2688 fini-

752 2738 967 2813 stram
1019 2740 1096 2812 in
1147 2729 1437 2843 partem
1499 2755 1981 2837 vergentem,
2034 2732 2310 2840 suoque
2363 2740 2516 2841 pari
2567 2740 2645 2812 in
2696 2738 2995 2814 dextera
3040 2742 3410 2815 adnexum

754 2863 965 2968 supra
1023 2852 1532 2939 vertebrarum
1600 2860 1886 2949 sedem,
1952 2861 2022 2936 ἃ
2073 2864 2538 2963 cartilaginea
2592 2866 2989 2966 ligamenta
3043 2864 3414 2942 transeun-

751 3011 906 3065 tem
980 2991 1255 3063 indieat
1296 3044 1313 3061 .
1864 3089 1869 3092 ἡ

863 3116 1202 3217 Apparet
1247 3113 1515 3189 deinde
1557 3133 1826 3217 portae,
1865 3138 2085 3215 quam
2122 3108 2414 3202 dieunt,
2445 3143 2634 3190 vena
2658 3117 2771 3202 N,
2807 3141 2961 3219 quae
2999 3139 3129 3217 per
3152 3142 3411 3199 omen-

749 3259 949 3327 tum,
988 3234 1506 3312 mesenterium
1549 3240 1683 3312 &a
1725 3257 2208 3345 propagatur.
2255 3238 2849 3341 Conspieiendos
2882 3266 3062 3316 vero
3102 3240 3169 3312 se
3211 3238 3412 3312 exhi-
3480 3244 3483 3246 ’

753 3364 941 3440 bent
987 3359 1478 3465 mesentericae
1522 3363 1798 3437 arteriae
1844 3364 2024 3434 rami
2070 3361 2293 3435 literis
2342 3363 2540 3438 Ddd
2585 3363 2677 3439 ab
2725 3361 2943 3469 ipsius
2985 3365 3412 3451 melenterii

749 3490 1014 3596 adipe
1007 3514 1096 3561 ex
1139 3506 1342 3589 parte
1382 3483 1742 3588 separati.
1786 3485 2047 3560 Literae
2096 3508 2338 3561 autem
2389 3493 2564 3564 MM
2614 3489 2972 3563 indicant
2993 3487 3409 3563 mesenterii

750 3612 1179 3749 portionem
1223 3667 1269 3696 ,
1302 3635 1441 3712 qua
1495 3611 1600 3683 ad
1641 3611 1976 3713 proxima
2027 3611 2365 3687 intestina
2409 3613 2821 3716 colliganda
2868 3612 3087 3689 lolers
3134 3634 3406 3691 naturae

749 3735 1143 3837 ingenium
1186 3732 1430 3807 utitur.
1479 3734 1562 3805 ln
1601 3736 1852 3810 oculos
1890 3763 2120 3838 porro
2147 3737 2532 3811 incurrunt
2569 3724 3099 3813 circumvoluta
3137 3735 3403 3831 intesti-

749 3887 849 3934 nl
839 3796 1210 3931 DqLLLLl
1222 3861 1280 3930 L
1313 3879 1520 3932 extra
1568 3861 1972 3933 naturalem
2009 3857 2339 3961 politum
2365 3864 2759 3935 collocata.
2807 3862 2987 3936 Inde
3022 3881 3177 3935 tum
3205 3863 3435 3964 prior·
3524 3885 3528 3891 ·

755 3984 1043 4057 omenti
1112 4009 1278 4085 pars
1325 4020 1381 4070 ,κ
1426 4004 1584 4056 tum
1656 3980 1957 4057 inferior
2032 3982 2330 4056 HHHH
2408 3998 2776 4088 apparet,
2852 4015 3073 4091 quam
3152 4007 3411 4062 natura

751 4110 846 4183 ad
918 4105 1252 4183 intestina
1319 4106 1750 4209 obtegenda
1826 4106 2185 4183 adhibet.
2262 4109 2523 4185 Literae
2587 4112 2890 4215 quidem
2954 4114 3237 4189 6666
3299 4111 3408 4184 in-

751 4233 1002 4305 dicant
1074 4220 1570 4307 ventriculum
1639 4233 1960 4318 elatum,
2033 4253 2111 4305 ut
2176 4232 2498 4331 ejusdem
2559 4236 2792 4322 latuS‚
2860 4237 3061 4337 quod
3119 4250 3408 4307 natura-
3471 4291 3517 4307 A.

749 4358 916 4430 liter
970 4356 1327 4431 vertebris
1394 4354 1708 4428 adhaeret
1745 4413 1766 4440 ,
1827 4354 1927 4429 ob
1978 4361 2233 4456 oeulos
2281 4379 2635 4461 ponatur.
2693 4352 3047 4432 Praeterea
3087 4363 3132 4432 S
3177 4356 3406 4431 osten-

751 4480 862 4553 dit
920 4507 1006 4555 os
1073 4479 1426 4555 stomachi
1483 4479 1883 4583 superum3
1963 4483 2025 4554 E
2105 4478 2285 4556 vero
2357 4467 2657 4557 indicat
2697 4468 2993 4558 ve‘nam'
3033 4483 3402 4581 emulgen-

665 4604 675 4613 “
752 4627 909 4680 tem
975 4608 1278 4693 laevam,
1351 4608 1404 4680 F
1467 4628 1727 4679 eontra
1785 4607 2287 4706 emulgentem
2352 4607 2688 4682 arteriam
2745 4633 2783 4680 a
2846 4607 3140 4694 renibus
3201 4605 3397 4711 sepa-

751 4753 1031 4820 ratam,
1097 4753 1315 4835 atque
1379 4728 1588 4834 super
1652 4728 2035 4817 intestina,
2108 4721 2469 4835 superque
2526 4729 3040 4805 mesenterium
3105 4729 3398 4820 substra-

756 4878 953 4933 tam.
1017 4858 1320 4960 Insuper
1373 4884 1458 4931 ex
1514 4857 1717 4932 litera
1793 4884 1825 4930 r
1884 4852 2287 4930 ostenditur
2349 4882 2591 4931 ramus
2622 4913 2655 4945 ‚.
2708 4881 2925 4956 quem
2981 4854 3424 4955 ganglifbrs

750 5010 951 5086 mem
1020 4978 1277 5061 dicunt
1316 5041 1332 5070 ,
1398 4979 1472 5055 in
1532 5010 1792 5054 renum
1851 4981 2147 5083 plexum
2194 4976 2587 5077 extensu&⁸
2623 4975 3246 5083 quemadmodum
3301 5005 3412 5053 ex·
3468 5027 3521 5076 3

726 5102 975 5177 literis*
1040 5135 1083 5181 u
1116 5136 1159 5181 u
1187 5136 1227 5181 u
1257 5135 1300 5179 u
1331 5136 1372 5180 u
1407 5135 1447 5180 u
1518 5106 1726 5181 nervi
1792 5103 2314 5207 gangliformes
2373 5107 2543 5184 dieti
2586 5098 3449 5210 ostenduntur.'l'i'xhi3¹

752 5229 883 5305 bet
949 5234 975 5303 Ι
1045 5224 1747 5307 (ΙοΧῑςῑυῑηίὊηυηι
1819 5230 2050 5307 viscus
2118 5230 2405 5333 summo
2467 5227 2770 5331 artifieio
2835 5227 3324 5307 deformatum
3365 5284 3385 5315 ‚

2255 5358 2311 5431 F
3226 5380 3382 5426 non

5002 961 5015 1015 Ἀ·
5009 834 5016 958 ...φ-...ὤν
5012 818 5015 822 .
5013 797 5016 804 v

5034 1022 5037 1035 ..
5028 870 5037 879 t
