5125 6468
2960 1018 3004 1143 l

1411 1136 2768 1207 ANATOMICAE
3087 1134 3460 1231 'g7w

654 1339 660 1349 ›
765 1234 1109 1401 adspectu
1152 1251 1538 1396 objiciunt
1564 1315 1730 1385 ttt,
1778 1292 2064 1374 tametsi
2100 1293 2468 1401 utriusque
2517 1298 2662 1373 loci
2709 1266 3085 1404 postrema:
3114 1329 3399 1379 accura-

759 1442 834 1497 te
879 1422 1177 1540 quidem
1230 1441 1585 1497 notantur
1627 1422 1866 1500 literis
1901 1448 2044 1511 aa,
2080 1441 2160 1494 ut
2201 1422 2549 1500 omnibus
2597 1446 2846 1529 pateat
2892 1454 3227 1506 verarum
3277 1459 3398 1507 co-

757 1547 1020 1627 starum
1074 1547 1363 1627 ultimas
1406 1546 1597 1629 effe.
1650 1635 1659 1638 ,,

972 1673 1415 1752 Panniculus
1473 1671 1815 1751 carnosus
1881 1671 1974 1751 ab
2044 1673 2252 1751 axilla
2323 1670 2795 1779 proficiscens
2846 1676 2937 1750 ad
2983 1674 3393 1756 abdominis

755 1792 1170 1878 extremum
1216 1800 1521 1898 inclinat
1552 1791 1704 1890 ‚in
1748 1827 1971 1908 quem
2018 1800 2357 1875 nonnulli
2423 1792 2781 1875 costarum
2831 1829 3237 1879 nervorum
3293 1835 3394 1883 ra-

751 1923 857 2000 mi
901 1927 1010 2014 T,
1065 1929 1134 2004 ἃ
1185 1917 1655 2006 brachiorum
1699 1954 1997 2037 quoque
2042 1927 2117 2000 in
2170 1930 2246 2004 K
2283 1917 2642 2028 vergunt.
3441 1926 3448 1932 ’

963 2055 1491 2158 Mucronatam
1547 2055 1867 2161 denique
1920 2051 2197 2128 indicat
2242 2080 2286 2129 u
2335 2050 2904 2191 cartilaginem.
2964 2052 3226 2133 Sciffos
3270 2056 3390 2133 ab-

747 2156 1077 2257 dominis
1115 2154 1474 2258 musculos
1522 2183 1783 2256 XXXX
1828 2178 2186 2255 exhibent
2227 2237 2247 2269 ‚
2306 2200 2462 2255 tum
2529 2206 2636 2254 rr
2697 2177 3066 2285 priorem,
3129 2208 3213 2257 ac
3267 2211 3392 2287 po-

741 2298 1122 2382 steriorem
1157 2333 1465 2414 quoque
1515 2304 1898 2411 peritonaei
1942 2324 2280 2411 partem,
2324 2330 2497 2409 quae
2521 2301 2808 2407 septum
2854 2303 3336 2382 transversum
3369 2364 3388 2393 ,

746 2424 1037 2533 ejusque
1087 2431 1702 2538 propagationem
1778 2431 1854 2506 in
1925 2430 2236 2507 dextero
2287 2427 2512 2515 latere
2579 2432 2634 2502 Y
2704 2427 2949 2505 subtus
3011 2431 3387 2507 involvit.

742 2551 1169 2629 Ostendunt
1205 2580 1420 2693 psoas
1455 2553 1817 2632 musculos
1860 2559 2024 2643 ZZ,
2061 2576 2204 2659 per
2251 2581 2565 2672 quorum
2622 2552 2916 2629 dorsum
2954 2554 3171 2658 primi
3208 2558 3388 2630 lum-
3422 2546 3427 2557 ¹

740 2676 1009 2754 borum
1063 2680 1247 2798 rami
1307 2712 1340 2753 a
1379 2713 1411 2751 a
1468 2682 1880 2785 diriguntur
1947 2682 2037 2757 ad
2102 2680 2517 2769 seminalia,
2590 2682 2661 2758 8<
2726 2680 3148 2757 lumborum
3200 2708 3403 2784 quo--

741 2830 888 2907 que
932 2801 1098 2879 sunt
1158 2850 1304 2894 μμ,
1350 2809 1471 2947 qui
1518 2834 1648 2913 per
1696 2805 2011 2884 finistros
2061 2805 2477 2880 abdominis
2537 2805 2902 2880 musculos
2947 2798 3247 2912 serpunt
3294 2824 3321 2884 ξ
3359 2862 3379 2893 ,

736 2930 960 3005 Ultro
1008 2931 1314 3007 incurrit
1358 2933 1432 3006 in
1479 2935 1742 3010 oculos
1793 2930 2154 3039 postrema
2217 2929 2409 3010 dorsi
2473 2928 2813 3010 vertebra
2871 2955 2980 3004 12.
3027 2989 3048 3021 ,
3112 2951 3378 3034 atque„-

714 3052 1158 3129 *lumborum
1219 3059 1550 3165 quinque
1611 3086 1671 3133 1.
1719 3089 1785 3136 2.
1832 3084 1897 3155 3.
1931 3062 2024 3156 4·ss
2056 3082 2119 3151 5.
2172 3056 2306 3131 suis
2354 3084 2541 3134 ,cum
2596 3055 3051 3195 interpositis
3099 3056 3377 3132 cartila-

621 3261 644 3281 „
731 3178 1025 3288 ginibus
1067 3207 1217 3257 uno
1256 3184 1639 3265 oculorum
1675 3183 1942 3259 intuitu
1989 3182 2208 3259 etiam
2258 3180 2800 3288 percipiuntur.
2817 3180 3376 3256 Demonstlart

730 3332 915 3381 vero
962 3306 1361 3416 supernis
1343 3336 1419 3383 m
1469 3308 1766 3407 artubus
1815 3315 1954 3385 GG
1999 3309 2358 3410 deltoides
2387 3365 2406 3397 ‚
2453 3307 2584 3384 LL
2630 3288 3005 3412 bicipite8‚
3042 3335 3086 3381 x
3125 3307 3373 3382 dexte-

731 3457 898 3504 rum
941 3459 1255 3507 nervum
1306 3461 1434 3537 per
1487 3434 1916 3525 interiorem
1967 3436 2194 3513 cubiti
2234 3422 2544 3546 partem
2576 3420 2992 3519 extensum,
3036 3432 3161 3535 qui
3200 3431 3373 3505 axil
3440 3451 3448 3456 ·

731 3556 898 3629 laris
933 3577 1449 3696 nuncupatur.
1501 3559 1731 3635 Porro
1768 3564 1795 3635 i
1833 3560 2054 3637 offert
2102 3564 2357 3640 ductus
2405 3565 2699 3637 ultimos
2749 3535 2997 3635 sinistri
3039 3556 3370 3633 brachio-

653 3687 655 3691 ’
723 3708 890 3756 rum
935 3681 1159 3758 nervi
1193 3682 1270 3758 in
1327 3683 1614 3759 extima
1646 3712 1906 3760 manus
1952 3707 2181 3788 parte
2208 3707 2701 3787 propagat08‚
2773 3706 3034 3787 atque,
3078 3680 3128 3755 fi
3167 3664 3371 3783 quod

723 3834 839 3880 res
867 3806 964 3882 est
984 3864 1003 3894 ‚
1028 3799 1274 3884 dicere
1302 3807 1517 3896 volo,
1545 3806 1826 3885 summo
1851 3809 2160 3901 artificio
2188 3807 2663 3886 deformatos.
2695 3812 2740 3881 S
2764 3830 3004 3885 autem
3037 3806 3241 3913 litera
3267 3805 3370 3878 in-

724 3918 1011 4012 terioris
1075 3933 1544 4011 brachiorum
1608 3932 1917 4014 musculi¹
1973 3956 2261 4042 partem
2303 3930 2720 4036 significan
2771 3937 2858 4009 M
2889 3951 3366 4039 pronatorem

718 4059 1022 4161 longum
1052 4118 1071 4149 ,
1126 4059 1216 4135 ab
1268 4059 1556 4137 humeri
1603 4058 1965 4169 apophysi
2018 4059 2367 4136 resectum
2398 4118 2417 4149 ,
2465 4062 2530 4138 8<
2578 4058 2945 4163 superiore
2971 4078 3181 4161 parte
3225 4056 3364 4130 ela—

717 4206 923 4257 tum.
966 4186 1038 4256 O
1096 4212 1391 4287 quoque
1450 4175 2245 4270 exhibetsexteriorem
2297 4182 2475 4260 radii
2520 4183 2920 4259 musculum
2965 4238 2984 4269 ,
3048 4184 3125 4254 Ν
3186 4204 3368 4282 qua-.

719 4309 1007 4389 dratum
1038 4365 1057 4394 ‚
1103 4311 1165 4379 P.
1206 4308 1432 4384 cubiti
1476 4298 1922 4391 'exteriorem
1950 4365 1968 4393 ‚
2024 4331 2243 4412 atque
2293 4311 2695 4413 palmarem
2722 4364 2739 4395 ,
2779 4332 3001 4410 quem
3044 4323 3355 4412 vocant,

716 4435 1061 4533 longum.
1102 4433 1167 4505 R
1209 4460 1388 4507 vero
1429 4433 1857 4507 interiorem
1897 4432 2115 4519 radii,
2154 4434 2698 4526 Qintcriorem
2743 4431 2967 4529 cubiti
3005 4427 3373 4503 ostendit:
3473 4518 3476 4520 ῃ

851 4539 854 4543 ’
926 4549 1182 4672 Itaque
1236 4561 1379 4665 qua
1416 4555 1707 4634 sublatis
1755 4557 2283 4660 integumentis
2333 4557 2408 4630 in
2454 4556 2731 4631 femore
2783 4556 3089 4630 dextero
3129 4608 3148 4639 ,
3212 4554 3355 4655 qua
3461 4545 3466 4550 ’

711 4675 916 4767 litera
962 4708 1019 4756 a
1066 4679 1401 4769 reflexiS,
1453 4697 1691 4787 atque
1760 4683 1944 4757 adeo
2003 4681 2305 4761 sartorio
2356 4679 2679 4758 musculo
2737 4675 3012 4756 sinistro
3070 4703 3109 4790 a
3182 4703 3353 4781 pro-

712 4810 877 4912 prio
922 4805 1055 4882 {ltu
1106 4809 1450 4920 ἀίἀιιξιο,
1500 4810 1717 4885 litera:
1763 4836 1861 4885 00
1917 4808 2275 4886 exhibent
2309 4792 2668 4883 truncum
2714 4786 3152 4905 magnorum
3195 4827 3351 4875 cru·
3414 4884 3416 4887 v

703 4919 2694 5026 mmmmm,md1mnmmffiahffizfflffl³
2750 4955 2993 5001 ramos
3046 4953 3215 5001 nn
3270 4926 3345 4996 ἅ

707 5102 769 5143 ρ,
796 5113 816 5143 ,
872 5084 1185 5160 quorum
1233 5055 1579 5166 postiemi
1621 5062 1712 5135 ad
1759 5047 2105 5167 pollicem
2153 5058 2375 5164 usque
2424 5083 2554 5163 per
2591 5055 3019 5130 interiorem
3060 5045 3346 5146 artuum

704 5187 992 5286 partem
1027 5186 1496 5290 procedunt,
1576 5182 1780 5260 suum
1831 5206 2077 5262 ortum
2137 5213 2176 5261 a
2248 5183 2510 5260 lumbis
2573 5182 2968 5258 ducentes,
3040 5177 3341 5281 Insuper

1149 5303 1248 5404 ‘¹
2719 5315 2722 5320 '
3182 5290 3280 5471 f
3262 5329 3338 5372 m

592 4628 631 4674 w

4989 965 5014 990 ..

3503 1756 3613 1799 ιν,
