5125 6468
1431 1320 2791 1442 AN'A«ToM1eAE.
3355 1404 3423 1453 31

1161 1562 3053 1690 FIGvRAIJ.

1023 1770 1232 1843 Culis
1298 1788 1542 1845 autem
1611 1772 1758 1848 hoc
1820 1774 1997 1852 loco
2056 1801 2460 1883 occurrunt
2526 1779 2827 1860 musculi
2878 1843 2895 1873 ‚
2970 1790 3093 1892 qui
3163 1788 3427 1894 lingua:

1065 1893 1489 1984 usui·sunt‚
1551 1919 1709 1973 tum
1779 1899 1981 1991 ossa,
2046 1932 2206 2007 qua:
2275 1905 2590 2009 hyodaea
2658 1934 3178 2017 nuncupantur
3219 1971 3237 1990 .
3305 1919 3428 1992 Li—

768 2042 927 2095 tera
995 2020 1196 2095 enim
1261 2024 1334 2096 A
1398 2022 1713 2099 ostendit
1785 2023 2144 2104 sinistrum
2210 2030 2695 2129 mastoideum
2761 2036 3159 2112 musculum
3200 2097 3220 2127 ,
3302 2046 3429 2146 qui

768 2147 970 2222 unde
1040 2145 1406 2248 originem
1438 2147 1674 2274 Gducit
1718 2208 1736 2237 ,
1807 2152 2126 2230 divullus
2174 2179 2554 2260 (apparet,
2627 2182 2703 2234 ut
2762 2160 3064 2252 musculi
3111 2166 3264 2253 alii,
3306 2171 3430 2270 qui

765 2271 1019 2349 subtus
1075 2272 1296 2349 locati
1360 2270 1571 2363 sunt,
1647 2273 1879 2351 facile
1924 2278 2000 2352 in
2065 2281 2482 2360 lateralibus
2547 2287 2716 2361 colli
2774 2288 3102 2391 partibus
3151 2292 3433 2396 conspi-

769 2399 1101 2474 ciantur.
1169 2397 1419 2474 Litera
1477 2426 1658 2474 vero
1728 2403 1780 2472 Β
1851 2402 2314 2497 demonstrat
2392 2407 2816 2493 biventrem
2873 2414 3277 2490 musculum
3335 2417 3427 2497 ab

767 2523 1123 2602 interiore
1189 2521 1590 2599 inferioris·
1633 2525 2078 2602 mandibula:
2146 2552 2354 2636 parte
2414 2536 2903 2635 disjunfihlm,
2969 2563 3191 2645 atque
3258 2539 3436 2617 infe-

768 2651 914 2725 rius
986 2650 1163 2725 inde
1231 2647 1707 2753 depress'um,
1782 2678 1937 2755 quo
2012 2654 2287 2733 facilius
2352 2659 2548 2764 ipse,
2627 2665 2804 2739 dum
2868 2667 2941 2740 in
3012 2665 3436 2770 stylo-hyoi-

767 2776 1009 2851 daeum
1071 2771 1477 2850 musculum
1546 2776 1701 2851 sese
1763 2777 2045 2867 infert,
2125 2785 2354 2859 oculis
2419 2787 2850 2888 objiciatur.
2932 2794 3438 2869 Porroffitera

770 2882 839 2977 C
892 2900 1198 2978 exhibet
1249 2900 1973 3004 coraco-hyoidaeum
2019 2907 2424 2986 musculum
2468 2940 2507 2988 a
2548 2918 2827 2993 vertice
2875 2917 3179 3025 scapulae
3241 2917 3437 2994 abla-

653 3074 657 3081 ·
769 3048 969 3114 tum,
1004 3047 1226 3131 atque
1264 3027 1468 3102 extra
1510 3029 1921 3102 naturalem
1963 3027 2175 3105 fitum
2208 3035 2577 3114 locatumz‘
2608 3044 3236 3145 quemadmodum
3279 3045 3437 3118 lite-

769 3179 848 3227 ra
882 3155 958 3227 D
994 3152 1692 3256 sterno-hyoidaeum
1741 3151 2097 3229 finislrum
2141 3162 2447 3262 proprio
2489 3164 2564 3237 in
2602 3164 2733 3239 fitu
2775 3164 3132 3268 positum.
3180 3169 3438 3242 Literae

729 3298 1016 3376 *autem
1062 3280 1212 3353 HH
1255 3276 1796 3380 basio-gloss'um
1849 3280 2117 3379 linguae
2173 3278 2300 3358 suo
2349 3287 2424 3359 in
2465 3287 2649 3378 situ,
2703 3294 2772 3366 δι
2828 3293 2953 3366 Ek]
3000 3292 3439 3394 genio-glos-

766 3401 926 3476 sum
996 3430 1036 3477 a
1095 3404 1346 3504 lingua
1414 3403 1838 3477 submotum
1886 3461 1906 3491 ‚
2002 3405 2073 3482 8(
2169 3407 2518 3486 inferiore
2591 3437 2800 3517 parte
2873 3419 3480 3518 prominentem*

761 3527 1427 3612 ostendunt.Per
1494 3528 1778 3605 literam
1849 3558 2029 3606 vero
2102 3537 2157 3607 F
2224 3535 2592 3636 indicatur
2666 3538 3083 3627 musculu3‚
3142 3551 3437 3643 'quem-2

665 3739 667 3741 ,
763 3630 1234 3731 masseterem,
1301 3653 1559 3727 dicunt
1607 3711 1625 3741 ‚
1712 3653 1984 3731 sinister
2056 3659 2150 3733 ad
2216 3660 2403 3737 latus
2472 3664 2564 3740 ab
2627 3661 2972 3740 inferiore
3042 3665 3434 3742 mandibu-

765 3779 832 3851 la
898 3776 1266 3852 detraelus
1317 3831 1337 3850 .
1431 3781 1600 3852 Sese
1682 3778 2010 3856 offerunt
2080 3810 2386 3890 quoque
2456 3813 2590 3892 per
2656 3789 2896 3863 literas
2966 3815 3077 3866 aa
3139 3775 3432 3864 nervosi

764 3903 1089 3990 alnetus,
1181 3902 1305 4006 qui
1386 3928 1424 3975 a
1496 3903 1747 4005 primis
1830 3895 2076 4011 nervis
2120 3967 2137 3997 ,
2221 3938 2408 4013 quos
2482 3906 2913 4012 gustatorios
2989 3916 3364 4018 appellant
3408 3972 3428 4002 ‚
3505 3968 3511 3978 ».

766 4024 1238 4103 conflantur:
1306 4026 1451 4103 hoc
1529 4028 1674 4117 est,
1743 4057 1873 4135 par
1943 4034 2284 4137 quintum
2349 4062 2806 4125 nervorum,
2873 4039 2998 4142 qui
3041 4035 3278 4112 'veluti
3342 4041 3432 4119 ad
3511 4029 3512 4033 Ἰ

765 4153 1150 4226 dexteram
1216 4154 1757 4256 pervadente8‚
1826 4157 1907 4229 in
1971 4153 2297 4259 linguam
2345 4160 2494 4236 sese
2548 4161 2925 4240 inferunt.
3000 4163 3301 4267 Insuper
3342 4191 3432 4239 ex

765 4275 991 4350 literis
1057 4280 1191 4372 13,ss
1258 4278 1620 4354 indicatur
1688 4308 1815 4384 par
1884 4310 2202 4358 nonum.
2244 4313 2648 4388 nervorum
2694 4348 2711 4377 ,
2786 4312 2863 4365 ut
2939 4289 3194 4389 ajunt,
3275 4319 3433 4365 mo-

765 4422 1013 4474 torum
1057 4458 1075 4486 ,
1167 4404 1397 4505 quod*
1458 4431 1590 4506 per
1665 4407 1928 4507 linguae
1996 4408 2389 4495 musculos
2431 4411 2709 4487 affabre
2776 4435 3222 4517 propagatur
3262 4469 3281 4500 ‚
3361 4418 3431 4491 8<

766 4550 900 4626 per
960 4526 1204 4600 literas
1273 4527 1442 4599 00
1512 4519 2171 4631 superiuslabium
2238 4562 2330 4609 ex
2394 4561 2602 4639 parte
2655 4537 2986 4625 scissum,
3053 4540 3122 4616 δ’(
3180 4528 3309 4642 per
3354 4541 3430 4613 li.-

759 4670 1001 4748 ‘teram
1059 4652 1128 4724 K
1191 4648 1493 4726 inferior
1542 4653 1981 4751 mandibula
2042 4657 2325 4733 sursum
2389 4663 2572 4735 elata
2622 4720 2640 4751 ‚
2713 4689 2864 4766 quo
2910 4659 3051 4749 -fit,
3126 4685 3201 4738 ut
3271 4663 3430 4765 plu·

765 4801 932 4861 τετε,
995 4800 1154 4878 quae
1228 4777 1323 4848 illi
1388 4774 1810 4875 subjacent,
1883 4788 2130 4885 partes
2188 4785 2601 4890 conspicua:
2652 4785 2877 4862 fiant.
2939 4787 3288 4891 Denique
3337 4816 3427 4863 ex

767 4902 972 4976 litera
1037 4907 1137 4987 Q
1178 4904 1720 5008 pterygoidazus
1774 4907 2141 4983 musculus
2209 4911 2519 4987 interior
2594 4912 3020 4988 exhibetur:
3087 4935 3244 4985 tum
3287 4940 3423 5017 per

675 5108 677 5111 y
766 5029 855 5099 M
895 5026 1159 5130 asperae
1199 5029 1473 5105 arteria:
1515 5028 1683 5104 {itus
1717 5090 1735 5118 ,
1792 5058 1922 5135 per
1972 5033 2213 5108 literas
2255 5038 2431 5111 inde
2483 5041 2670 5123 NN
2705 5037 3422 5139 sterno-thyroidaeus

764 5147 1175 5240 musculu8‚
1223 5180 1303 5227 ac
1349 5176 1482 5257 per
1528 5156 1810 5254 literam
1871 5148 2223 5262 praeterea
2268 5163 2296 5233 Ι
2341 5162 2599 5238 dexter
2631 5161 3086 5255 ‘mastoideus
3138 5163 3419 5238 muscu-
3484 5153 3488 5157 ¹

768 5275 875 5347 lus
918 5333 937 5363 ‚
1005 5278 1072 5353 8(
1138 5304 1269 5381 per
1336 5280 1396 5351 L
1461 5278 1689 5384 ipsius
1753 5284 2012 5385 lingua:
2079 5285 2285 5361 radix
2355 5287 2800 5380 ostenditur.

3097 5558 3236 5630 TA
3249 5559 3297 5629 Β
3312 5554 3412 5629 U-
