5125 6468
1440 689 2796 788 ANAToM1CAE.
3308 753 3519 790 101·

797 880 995 953 litera
1055 883 1121 954 R
1171 879 1333 959 ollis
1388 881 1558 955 sacri
1610 900 2069 969 extremum,
2142 910 2180 956 a
2242 910 2390 986 quo
2455 910 2537 957 os
2598 867 2788 958 aliud
2855 883 3255 987 appensum
3309 890 3431 963 dc·
3500 914 3501 918 ’

788 1008 1150 1094 mittitur,
1216 1031 1420 1111 quod
1481 1008 1746 1082 tiraecis
1806 1022 1996 1082 noum&
2039 1064 2056 1094 ‚
2124 1008 2380 1082 nostris
2431 1010 2677 1082 ’cauda
2733 1010 2877 1084 dici
2936 1010 3187 1113 pollit.
3249 1017 3445 1087 Prae-⁴

786 1156 986 1214 terea
1044 1161 1585 1237 persnumeros
1643 1162 1664 1206 1
1743 1159 1781 1205 2
1850 1157 2007 1235 334
2071 1159 2097 1225 5
2169 1146 2212 1210 6
2270 1158 2323 1229 7
2388 1140 2436 1220 8⁴
2494 1160 2535 1226 9
2603 1160 2689 1208 10
2752 1163 2828 1211 11
2901 1164 2977 1211 12
3043 1140 3427 1242 aequeve—

785 1285 927 1345 τῖε,
987 1287 1069 1335 ac
1144 1261 1389 1334 notha:
1433 1319 1450 1349 ,
1524 1259 1668 1334 live
1740 1258 2158 1365 adulterinae
2227 1258 2430 1334 costae
2495 1258 2991 1349 exhibentur,
3061 1292 3427 1368 quarum..

794 1411 983 1458 verae
1053 1385 1182 1458 illae
1250 1382 1458 1468 tunt,
1529 1415 1682 1490 quae
1750 1387 1825 1459 in
1892 1386 2241 1461 interiora
2294 1383 2801 1460 leniter'flexae
2865 1390 3424 1488 committuntur

785 1535 955 1584 cum
1023 1509 1173 1586 osse
1239 1514 1599 1615 pettori53
1671 1510 2040 1586 inchoatae·
2099 1533 2391 1599 autem,
2453 1504 2519 1587 8(
2580 1508 2788 1615 ‚quasi
2851 1514 3115 1599 mutilae
3173 1515 3426 1589 dicun-

784 1655 903 1709 tur
965 1637 1147 1726 illae,
1209 1665 1369 1742 quae
1434 1640 1509 1712 in
1578 1639 2080 1739 cartilaginem
2142 1638 2357 1716 versae
2413 1638 2753 1720 extremis
2811 1637 3221 1713 abdominis
3273 1656 3437 1744 par-'

783 1760 982 1846 tibus
1048 1749 1588 1838 inhaerescunt.
1673 1764 1826 1839 Sub
1883 1763 2111 1837 oculis
2176 1789 2472 1866 quoque
2525 1761 2798 1865 estper
2844 1763 3123 1839 literam
3175 1769 3239 1838 T
3297 1763 3424 1870 po-

763 1876 1032 1962 ⁹sterior
1104 1886 1433 1993 scapulae
1503 1894 1666 1994 pars
1710 1946 1729 1976 ,
1804 1915 1934 1992 per
1994 1888 2233 1965 literas
2304 1888 2453 1963 VV
2516 1888 2936 1977 acromion,
2982 1918 3259 1995 perque
3305 1880 3422 1964 ἱ58

675 2005 683 2015 ”
780 2013 1207 2089 'coracoides
1254 2015 1625 2119 processus
1675 2015 2082 2104 indicatur,
2158 2012 2457 2117 Insuper
2519 2040 2637 2088 ex.
2675 2040 2904 2116 graeca
2955 2003 3237 2101 literafi
3298 2016 3426 2089 hu-

781 2140 965 2213 meri
1031 2161 1302 2244 caput,
1374 2170 1460 2217 ex
1507 2170 1577 2247 ,ο
1644 2144 1947 2231 cervix,
2007 2168 2093 2218 ex
2166 2144 2227 2215 X
2297 2138 2642 2214 humerus
2702 2140 2900 2244 ipse,
2972 2169 3056 2233 ac
3121 2143 3359 2216 media
3400 2198 3422 2227 ‚
3501 2188 3504 2193 -

785 2264 1253 2373 exteriorque
1328 2266 1542 2372 ipsius
1604 2295 1767 2372 pars
1830 2251 2300 2366 ostenditur.
2349 2267 2533 2341 Item
2605 2267 2827 2342 altera
2879 2265 3031 2360 haec
3078 2248 3305 2368 graeca
3348 2269 3423 2341 li-

778 2412 934 2465 tera
996 2409 1023 2471 ξ
1079 2392 1519 2468 exteriorem
1584 2391 1867 2468 humeri
1934 2389 2381 2504 processum
2408 2393 2776 2480 denotat,
2840 2396 2892 2465 Y
2961 2417 3136 2468 vero
3196 2392 3423 2467 cubiti
3498 2415 3501 2417 ·

737 2514 1281 2622 ¹apophysin
1320 2546 1475 2625 qua:
1532 2500 1621 2596 ab
1680 2516 2145 2595 inferioribus
2200 2517 2484 2593 humeri
2539 2517 2984 2622 proceffibus
3034 2518 3421 2622 excipitur.

775 2645 1407 2745 quemadmodum
1481 2674 1608 2750 per
1676 2645 1725 2722 b
1799 2644 2086 2731 cubiti,
2157 2644 2480 2748 radiique
2540 2644 2832 2736 media,
2896 2641 3261 2751 quae-,etsi
3296 2672 3418 2718 na-
3432 2649 3483 2699 ‘³

777 2769 1110 2864 turaliter
1169 2770 1444 2847 hiantia
1503 2771 1662 2845 sunt
1698 2829 1718 2858 ,
1787 2773 1878 2846 &⁴-
1931 2768 2334 2868 disjuncffa,
2403 2768 2520 2843 hic
2584 2791 2834 2846 tamen
2899 2791 3228 2856 coeunt3
3298 2797 3416 2844 oc-

776 2886 1164 2999 curritque
1187 2897 1367 2972 radii
1389 2886 1874 2972 extremumV
1895 2888 2145 2999 primis
2164 2894 2359 2998 carpi
2390 2892 2690 2977 ollibus
2704 2899 2930 2969 Porro
2955 2894 3415 2995 autemlitera

774 3044 815 3091 a
883 3017 1154 3093 indicat
1205 3020 1464 3124 ipsum
1518 3020 1844 3097 cubitum
1889 3079 1908 3108 ,
1995 3024 2052 3094 Z
2117 3046 2295 3119 vero
2366 3018 2589 3095 cubiti
2665 3022 2931 3123 pariter
3001 3042 3410 3094 extremum

772 3131 1205 3243 intrinsecus
1248 3145 1379 3249 ipli
1423 3146 1627 3222 radio
1682 3146 2053 3222 adnexum
2103 3145 2463 3221 ostendit.
2466 3151 2959 3254 Sequuntur
2984 3146 3202 3219 literae
3253 3148 3408 3218 CC

773 3269 1246 3346 ostendentes
1313 3297 1613 3378 carpum
1678 3299 1845 3348 cum
1909 3271 2045 3346 suis
2118 3271 2432 3348 offibus:
2497 3294 2654 3346 tum
2718 3298 2851 3374 per
2918 3271 2966 3342 d
3027 3269 3413 3344 exhibetur
3477 3274 3481 3283 “

772 3390 1093 3502 primum
1163 3389 1562 3504 metacarpi
1632 3428 1715 3474 os
1779 3399 1867 3474 ad
1947 3401 2291 3502 pollicem
2360 3398 2870 3484 contendens,
2921 3397 2990 3471 8<
3056 3422 3269 3499 pere
3317 3396 3415 3468 ul-

770 3522 993 3598 timus
1056 3523 1301 3599 nodus
1367 3527 1587 3600 medii
1653 3527 1859 3627 digiti
1931 3528 2245 3601 dexterae
2313 3550 2620 3610 manus),
2697 3549 2781 3597 ac
2854 3547 2983 3625 per
3051 3519 3094 3593 f
3159 3541 3414 3623 prsete-

757 3674 896 3733 ,rea
972 3650 1292 3725 exterior
1355 3650 1479 3757 ilei
1540 3650 1712 3733 offis
1768 3652 2052 3755 portio,
2112 3676 2391 3755 perque
2440 3675 2486 3750 g
2528 3644 2930 3743 ostenditur
2973 3642 3190 3749 ipsius
3244 3672 3419 3749 apo-

771 3769 1064 3880 physis,
1127 3798 1308 3879 qua:
1338 3777 1409 3857 in
1464 3767 1759 3850 femoris
1809 3775 2270 3850 acetabulum
2326 3776 2478 3849 sese
2534 3770 2908 3876 immittit
2972 3773 3202 3844 Porlo
3246 3797 3419 3872 gra:-

771 3927 857 3975 ca
919 3901 1125 3977 litera
1182 3935 1218 3968 rr
1277 3893 1582 3977 denotat
1644 3902 2047 4001 oblongam
2114 3925 2466 3985 caveam,
2530 3923 2689 4000 quae
2748 3913 2828 3968 ut
2884 3894 3279 3997 plurimum
3321 3893 3415 3991 ab

766 4027 913 4101 ileo
970 4024 1123 4102 osse
1183 4024 1594 4103 conflatur.
1647 4006 1713 4100 X
1774 4053 1951 4101 vero
1999 4024 2524 4119 literaindicat
2571 4019 3048 4126 posteriorem
3096 4016 3417 4118 ejusdem

771 4151 1099 4242 cristam,
1151 4181 1312 4265 qua:¹
1374 4179 1412 4227 a
1474 4153 1817 4247 lateribus
1886 4150 2009 4235 ossi
2079 4151 2279 4226 sacro
2334 4148 2572 4225 valide
2637 4131 3000 4222 adhaeret.
3064 4148 3198 4253 Per
3243 4172 3444 4246 gree-e

767 4304 904 4353 cas
953 4299 1198 4355 autern
1271 4270 1512 4355 literas
1570 4308 1709 4360 κφι»
1764 4275 1982 4381 ipsius
2055 4304 2295 4382 apex,
2365 4276 2489 4379 qui
2559 4269 3100 4373 cartilaginibus
3162 4294 3415 4347 conte-

765 4406 960 4507 gitur
995 4445 1023 4498 ,ζ
1059 4406 1510 4513 peerrior
1544 4382 1715 4478 'offis
1764 4404 1879 4513 ilei
1926 4430 2089 4507 pars
2118 4461 2135 4490 ,
2182 4402 2642 4507 perpgraecam
2692 4399 2869 4474 item
2914 4397 3199 4471 literam
3252 4430 3286 4457 π
3338 4392 3416 4469 fi-

766 4530 1069 4606 nistrum
1118 4530 1416 4607 femoris
1465 4514 1724 4646 caput,
1771 4542 2049 4632 perque
2090 4562 2126 4601 ζ
2181 4521 2476 4601 femoris
2523 4523 2742 4629 ipsius
2802 4521 3051 4597 cervix
3099 4521 3411 4596 demon-

765 4646 1070 4736 stratur.
1107 4654 1432 4760 Jnsuper
1486 4641 1919 4760 perspicere
1953 4652 2123 4727 licet
2168 4679 2273 4726 ex
2337 4650 2599 4759 litera
2584 4676 2602 4720 1
2657 4673 3012 4747 magnum
3062 4646 3409 4721 trochan-

706 4800 1054 4877 terem,
1115 4809 1206 4858 ex
1272 4784 1295 4856 l
1356 4780 1775 4868 minorem,
1839 4775 1989 4855 five
2055 4803 2411 4882 par,vum
2476 4751 2564 4850 ex
2625 4772 2675 4847 h
2729 4800 2886 4847 non
2950 4772 3194 4848 minus
3256 4795 3408 4846 me-

2270 4905 2340 4977 C
2399 4927 2452 4977 c*
2497 4944 2501 4952 ·
2797 4918 2834 4983 N
3291 4893 3410 4968 dia

2523 5009 2800 5204 Ἀ
