5125 6468
0 4022 101 4125 lui

0 4892 103 4960 ΡΙ)

1476 663 2837 780 ΑΝΑΤΟίΜΙεΑΞ.
3394 669 3533 791 71⁰

839 877 891 946 Ι)
927 856 1264 978 Ρ’ντιὲοε
1337 903 1605 951 nervos
1639 935 1658 966 ‚
1729 901 1932 954 extra
1989 878 2318 954 cranium
2370 875 2958 983 proficiscentes,‚
3028 901 3158 980 per
3207 874 3473 952 oblon-

835 1027 1008 1103 gum
1070 1002 1245 1075 illud
1313 999 1647 1077 foramen
1688 1059 1708 1090 ‚
1771 1005 2009 1107 ‘quo-d
2080 1031 2167 1077 ex
2242 1028 2665 1108 temporum
2741 1002 2943 1092 offe,
3016 1010 3085 1079 ὅ(
3144 1001 3476 1105 occipitii

838 1127 1343 1202 additamento
1394 1108 1752 1229 gignitur.
1799 1130 2284 1229 Sese-deinde
2315 1103 2892 1233 ‘conspiciendos
2939 1129 3292 1206 exhibent
3339 1154 3471 1231 per

834 1253 1118 1327 literam
1163 1259 1241 1342 Q
1290 1251 1577 1328 nervosi
1627 1254 1888 1356 lingua:
1956 1274 2280 1329 motores
2351 1257 2527 1328 rami
2570 1311 2589 1339 ,
2657 1254 2781 1357 qui
2841 1280 2970 1356 per
3027 1254 3228 1328 suum
3277 1282 3473 1329 mea-

836 1398 990 1452 tum
1047 1399 1248 1454 extra
1313 1379 1641 1454 cranium
1709 1406 1943 1482 prope
1995 1378 2322 1482 occipitii
2370 1378 2952 1459 additamentum
3003 1376 3152 1455 sese
3204 1377 3473 1453 diffun-

835 1504 1096 1577 dentes
1158 1503 1249 1577 ad
1314 1503 1638 1605 linguam
1706 1505 2197 1607 pertingunt:
2282 1501 2685 1606 omnesque
2748 1501 2823 1575 hi
2887 1505 3096 1615 nervi
3151 1532 3211 1585 a.
3253 1505 3475 1609 spina:

835 1627 1150 1702 medulla
1212 1628 1403 1704 intra
1461 1629 1793 1704 cranium
1863 1629 2065 1703 recifi
2133 1649 2534 1734 apparent.
2611 1629 2957 1731 Denique
3004 1657 3093 1703 ex
3139 1631 3345 1705 litera
3403 1631 3476 1700 D

834 1748 1232 1827 ostenditur
1295 1752 1672 1844 foramen,
1743 1781 1873 1860 per
1947 1755 2148 1858 quod
2195 1753 2416 1863 spina:
2464 1756 2781 1830 medulla
2838 1750 3264 1839 descendit,
3320 1780 3479 1854 quae

837 1898 1088 1953 tamen
1152 1878 1272 1953 hic
1344 1874 1969 1985 praetermit‘titur.
2046 1882 2115 1955 ἃ
2177 1907 2265 1959 ex
2324 1869 2530 1954 litera
2589 1881 2649 1952 E
2708 1877 2921 1966 fituS,
2973 1906 3118 1984 qua
3167 1877 3483 1978 longitu-

838 2005 1137 2094 dinalis,
1200 2026 1278 2080 ut
1322 2005 1598 2114 ajunt,
1670 2000 1863 2078 finus
1936 1992 2187 2078 transit
2228 2063 2248 2092 ‚
2318 1999 2809 2104 significatur.

1163 2268 2300 2404 TABULAE
2482 2264 3133 2401 XXII.

1011 2755 1097 2844 N
1153 2770 1567 2847 dexteriore
1632 2790 1839 2875 parte
1905 2771 1994 2844 ad
2061 2771 2244 2841 latus
2297 2766 2626 2840 cranium
2676 2766 2976 2842 incisum
3022 2765 3159 2839 hac
3205 2766 3279 2837 in
3330 2765 3484 2839 Ico-

849 2766 986 3060 ἶ
1064 2920 1155 2969 ne
1224 2893 1678 2981 ostenditur,
1745 2894 1966 2997 idque
2034 2885 2207 2976 ita.
2255 2911 2332 2963 ut
2399 2887 2639 2964 subter
2707 2889 2937 2995 ipsum
3005 2891 3143 2965 suis
3204 2889 3487 2987 integu-

1063 3022 1331 3098 mentis
1389 3020 1845 3122 expoliatum
1914 3043 1997 3090 ea
2041 3011 2345 3090 cerebri
2366 3039 2571 3116 pars
2628 3013 2728 3086 in
2764 3018 3017 3091 oculos
3072 3012 3222 3088 sese
3279 3011 3483 3109 inge-

840 3172 1001 3238 rat,
1073 3179 1112 3224 a
1179 3173 1325 3251 qua
1383 3145 1674 3250 opticus
1736 3168 2005 3217 nervus
2050 3138 2417 3239 originem
2460 3135 2710 3226 sumit,
2768 3165 2899 3244 per
2950 3163 3175 3243 quem
3225 3133 3482 3208 viden-

843 3279 914 3352 di
970 3274 1259 3380 spiritus
1324 3269 1744 3345 invehitur.

1056 3403 1173 3511 Ac
1242 3395 1610 3519 principio
1682 3391 1981 3496 quidem
2047 3417 2177 3494 per
2266 3390 2551 3462 literam
2618 3390 2689 3459 A
2754 3387 2920 3461 licet
2991 3384 3261 3458 intueri
3332 3409 3483 3456 cra-

841 3524 1046 3598 nium
1109 3524 1183 3596 in
1261 3519 1415 3595 suas
1476 3499 1790 3593 laminas
1852 3514 2211 3601 divilum,
2281 3515 2350 3589 8(
2423 3538 2552 3617 per
2633 3513 2686 3583 B
2730 3514 2781 3582 Β
2866 3507 3209 3583 cerebelli
3281 3505 3508 3579 lami-,

851 3652 1055 3723 nulas
1107 3645 1491 3750 luperficie
1539 3666 1753 3718 tenus
1791 3700 1813 3730 ,
1878 3663 2096 3744 atque
2142 3641 2217 3712 in
2257 3633 2772 3712 transversum
2799 3632 3068 3738 politas
3103 3690 3122 3721 ‚
3198 3658 3354 3734 qua:
3410 3633 3486 3705 in

842 3776 1133 3878 gemina
1181 3770 1502 3870 ejusdem
1555 3766 2059 3870 hemisphaeria
2089 3823 2105 3851 ,
2134 3785 2372 3866 ,atque
2416 3760 2810 3860 sanguinea
2849 3760 3013 3834 vasa
3054 3759 3282 3858 magis
3332 3783 3488 3831 ver-

845 3920 1078 4005 gunt,
1119 3899 1210 3980 x&
1273 3894 1633 3969 accedunt
1669 3946 1685 3962 .
1746 3894 2098 3963 Praeterea
2164 3886 2291 3961 sub
2364 3887 2589 3961 oculis
2635 3883 2749 3958 nest
2811 3912 2938 3987 per
2981 3886 3244 3965 literas
3312 3884 3379 3951 C
3417 3885 3485 3952 C

839 4023 1018 4103 dura
1068 4042 1303 4096 mater
1335 4077 1352 4107 ‚
1420 4045 1579 4122 qua:
1626 4014 1982 4113 majorem
2005 4009 2310 4086 cerebri
2354 4030 2650 4114 partem
2699 4008 3003 4108 integit,
3058 4005 3257 4104 cujus
3309 4004 3485 4077 item

841 4147 1089 4253 portio
1144 4145 1234 4219 ad
1295 4143 1641 4218 sinistram
1691 4138 2173 4244 progrediens
2214 4134 2370 4239 post
2412 4132 2612 4207 luum
2659 4131 2985 4234 septum,
3039 4128 3482 4204 cerebellum

843 4270 1074 4376 ipsum
1136 4269 1465 4373 obsepit.
1536 4263 2163 4372 quemadmodum
2231 4286 2360 4362 per
2426 4260 2498 4331 D
2558 4251 2999 4341 medullosa,
3067 4280 3292 4355 eaque
3350 4279 3485 4353 po-

844 4396 1089 4472 sterior
1134 4395 1414 4477 cerebri
1471 4420 1633 4497 pars
1680 4385 2131 4464 membranis
2188 4405 2433 4458 exuta
2458 4383 2860 4479 indicatur.
2929 4384 3033 4452 Ex
3091 4377 3314 4452 literis
3363 4404 3481 4451 ve-

846 4550 927 4595 ro
968 4525 1108 4596 ΕΒ
1153 4519 1512 4625 principia
1558 4509 2443 4610 nerVort1m⁴„opticorum=
2516 4505 2608 4596 ab
2672 4480 2816 4608 ipsa
2877 4502 3272 4587 medullola
3320 4527 3480 4602 par-

848 4669 918 4720 te
988 4645 1425 4750 prodeuntia
1490 4658 1895 4746 apparent.
1950 4632 2284 4748 «Insuper
2350 4633 2551 4705 litera
2619 4634 2671 4704 F
2741 4628 3155 4731 opticorum
3219 4653 3481 4702 nervo-

852 4800 1008 4848 rum
1059 4770 1459 4845 coitionem
1510 4766 1781 4841 indicat
1814 4822 1830 4850 ‚
1892 4765 1960 4838 &
2020 4757 2238 4832 litera:
2288 4759 2446 4830 GG
2495 4755 2822 4856 opticum
2875 4781 3186 4828 nervum
3234 4754 3480 4826 dexte-

3273 4906 3428 4951 rum
3459 4936 3478 4962 ,
