5125 6468
2659 945 2716 987 A

1786 1226 1864 1283 18
2689 1211 3507 1285 TAVBULAE

1782 1409 1944 1456 mus
2011 1376 2357 1461 nervosus
2432 1394 2736 1453 truncus
2798 1403 2932 1481 per
2990 1373 3420 1454 inferiorem
3480 1373 3770 1451 humeri
3837 1390 4125 1477 partem
4187 1401 4437 1451 excur-

1782 1535 1953 1584 rens
1997 1534 2109 1592 rr,
2172 1506 2315 1608 qui
2349 1504 2426 1577 in
2474 1506 2659 1579 latus
2711 1502 2955 1581 brevis
2993 1498 3433 1607 supinatoris
3499 1505 3587 1576 M
3660 1498 4142 1588 diffunditur,
4185 1501 4442 1577 etiam-

1751 1613 1839 1707 'fi
1906 1657 1994 1707 ex
2055 1628 2203 1704 hoc
2275 1626 2485 1733 figno
2541 1637 2574 1705 Σ
2628 1630 2707 1705 in
2751 1632 2935 1705 laevo
2976 1628 3282 1704 brachio
3318 1618 3729 1732 duplicatus
3773 1624 4236 1701 ostendatur.
4287 1654 4439 1765 quo

1780 1757 1856 1830 in
1920 1721 2229 1832 brachio
2276 1755 2869 1861 deprehenditur
2947 1754 3166 1830 etiam
3224 1775 3527 1828 truncus
3586 1751 4068 1858 posteriorum
4130 1750 4473 1827 cervicis‘

1780 1906 2188 1958 nervorum
2257 1910 2355 1970 ce,
2434 1881 2560 1986 qui
2622 1906 2754 1984 per
2820 1878 3125 1955 brevem
3186 1877 3651 1953 extensorem
3717 1884 3850 1966 Q,
3934 1905 4214 1982 perque
4285 1880 4444 1952 lon-

1778 2033 1957 2108 gum
2022 2008 2141 2093 H,
2211 2028 2432 2110 atque
2482 1984 2924 2081 ‘interiorem
2987 2003 3269 2080 brachii
3331 2004 3402 2078 R
3444 2002 3931 2079 distribuitur.
4006 2003 4157 2078 Sub
4211 2002 4441 2077 oculis

1781 2153 2033 2206 autem
2101 2130 2199 2205 est
2270 2131 2448 2206 radii
2523 2131 2839 2206 exterior
2906 2132 2998 2218 T,
3063 2131 3191 2234 qui
3257 2128 3348 2205 ab
3419 2110 3575 2232 ipso
3638 2126 4111 2203 brachiorum
4178 2155 4444 2204 nervo-

1782 2284 1948 2332 rum
2007 2283 2213 2332 ramo
2259 2254 2669 2361 perforatur
2730 2300 2747 2339 e
2795 2313 2814 2344 ,
2911 2282 2999 2330 ex
3063 2283 3216 2363 quo
3274 2253 3513 2329 tenuis
3590 2280 3991 2329 nervorum
4051 2253 4441 2356 congeries

1789 2380 2315 2485 proficiscitur,
2376 2383 2598 2487 inque
2655 2380 3154 2486 supinatorem
3218 2383 3527 2481 longum
3587 2384 3632 2455 S
3696 2379 3889 2469 abit,
3962 2382 4445 2485 quemadmo-

1785 2507 1962 2581 dum
2032 2510 2252 2582 altera
2317 2534 2483 2610 pars
2542 2507 2862 2609 ipsorum
2931 2506 3480 2584 filamentorum
3550 2504 3835 2609 pollicis
3913 2504 4443 2583 extensorem„

1750 2632 1856 2711 ,V
1908 2632 2203 2718 versuS,
2261 2657 2355 2704 ac
2424 2631 2879 2705 indicantem
2955 2630 3257 2706 Riolani
3317 2633 3382 2706 X
3450 2631 3686 2732 Vergit
3728 2687 3746 2706 .

2027 2755 2443 2858 ‘Denique'
2479 2752 2944 2837 inferioribus
3012 2756 3089 2829 in
3166 2753 3466 2830 artubus
3543 2756 3971 2832 lumborum
4045 2784 4447 2853 nervorum

1790 2879 2182 2979 congeries
2243 2901 2606 2983 apparet:
2682 2881 3314 3019 quemadmodum
3377 2882 3456 2955 in
3517 2883 3828 2958 dextero
3893 2880 4177 2957 femore
4239 2879 4450 2986 supe-

1785 3001 1937 3076 rior
2005 3003 2305 3077 illorum
2358 3024 2659 3078 truncus
2739 3036 2771 3076 a
2812 3037 2845 3075 a
2921 3007 2998 3080 in
3077 3002 3462 3081 sartorium
3522 3033 3617 3108 g,
3684 3008 3965 3083 rectum
4025 3004 4098 3095 f,
4167 3007 4449 3099 vastum

1789 3118 2234 3240 exteriorem
2298 3126 2423 3204 bb
2491 3125 2634 3204 sese
2693 3128 3064 3207 inferens,
3140 3128 3434 3205 Sinister
3493 3158 3674 3208 vero
3738 3131 3849 3207 his
3916 3131 4254 3208 ductibus
4329 3156 4450 3206 ca-

1781 3275 1893 3329 ret
1934 3308 1953 3326 .
2051 3253 2413 3328 Destituta
2474 3280 2773 3360 quoque
2848 3255 3294 3333 exhibentur
3365 3276 3676 3360 utraque
3754 3255 4037 3332 femora
4102 3253 4451 3372 seminer-

1699 3369 1712 3380 ”
1784 3374 1981 3452 vofis
2048 3406 2202 3455 ee.
2285 3381 2515 3453 Por-ro
2572 3376 2912 3483 praefatus
2976 3402 3278 3466 truncus
3348 3381 3428 3455 in
3497 3380 3889 3473 interiores
3945 3372 4181 3455 vastos
4252 3408 4291 3456 a
4342 3407 4448 3479 ab,

1777 3501 2281 3607 tricipitesque
2379 3529 2420 3575 c
2467 3530 2507 3590 c
2560 3530 2600 3577 c
2682 3503 2945 3583 definit
3018 3561 3039 3582 .
3148 3510 3362 3584 Alter
3460 3523 3708 3580 autem
3804 3502 4111 3580 inferior
4204 3530 4449 3579 ramus

1778 3626 2136 3709 nervosus
2190 3669 2233 3705 μ
2271 3673 2313 3707 μ
2371 3626 2595 3733 usque
2660 3632 2753 3707 ad
2817 3618 3269 3710 memoratos
3330 3630 3737 3736 tricipiteS‚
3800 3630 4249 3736 gracilesque
4315 3633 4450 3708 dd

1778 3752 2263 3853 producitur.
2328 3757 2643 3830 Femora
2706 3758 2881 3832 inde
2944 3759 3020 3833 in
3101 3779 3418 3863 utroque
3480 3780 3679 3860 genu
3739 3756 4012 3833 nudata
4090 3783 4185 3831 ss
4272 3757 4450 3833 sua-³

1781 3873 2011 3949 veluti
2073 3874 2338 3979 sponte
2411 3878 2485 3953 se
2548 3880 2626 3954 in
2697 3885 2967 3957 oculos
3025 3883 3428 4037 ἰηὲεωὲῑ.

2174 4047 3281 4309 TABULA
3427 4143 4183 4276 VIII„

1789 4356 2043 4654 {D
2108 4359 2410 4461 quidem
2473 4362 2548 4435 in
2607 4360 2748 4437 hac
2826 4366 3109 4444 Tabula
3167 4364 3450 4440 Auctor
3507 4363 3639 4442 fibi
3691 4327 4231 4443 ostendendum
4272 4396 4444 4475 pro-

2002 4481 2287 4589 posuit,
2352 4506 2435 4559 ut
2502 4490 2932 4567 eorumdem
2983 4490 3214 4568 ferme
3263 4517 3665 4566 nervorum
3697 4550 3717 4581 ,
3761 4493 4229 4597 maximeque
4277 4493 4446 4569 tho-

2003 4611 2186 4687 racis
2255 4612 2864 4715 complexione3‚
2939 4610 3462 4717 infitionesque
3509 4615 3714 4704 aliem,
3763 4638 3983 4721 atque
4029 4618 4200 4691 alias
4241 4643 4447 4722 aper-
4504 4677 4507 4679 >

1736 4738 1922 4823 'tius
1995 4734 2493 4841 patefaceret.
2549 4741 2825 4835 Verum
2892 4740 2967 4815 in
3032 4740 3211 4815 facie
3274 4738 3511 4844 ipsum
3581 4739 3865 4816 labrum
3934 4745 4007 4817 A
4076 4743 4441 4835 divisum,

1781 4867 1850 4941 8<
1928 4862 2338 4967 supinatum
2386 4920 2407 4950 ,
2500 4882 2720 4967 atque
2789 4864 3092 4942 inferior
3164 4865 3452 4939 maxilla
3531 4869 3597 4938 C
3689 4894 3727 4940 a
3804 4890 4064 4969 mento
4135 4872 4213 4942 D
4300 4869 4445 4944 dis-

1783 4993 2029 5088 juncta
2101 5012 2453 5092 apparet,
2518 4997 2637 5064 vel
2710 5000 2907 5094 quod
2958 5018 3195 5098 qulntt
3241 5020 3642 5065 nervorum
3705 4992 3896 5096 paris
3956 4990 4212 5069 duff'tus
4254 4995 4306 5069 B
4362 4996 4443 5070 in

1781 5113 2104 5218 superius
2172 5114 2442 5190 labium
2511 5113 2854 5213 desinens
2911 5118 2986 5189 in
3055 5120 3310 5192 oculos
3377 5116 3832 5207 incurreret,
3906 5123 4022 5195 vel
4077 5122 4285 5225 quod
4347 5123 4444 5195 la-
4539 5213 4541 5216 Ι

1780 5240 2025 5316 teralis
2051 5241 2309 5342 lingua:
2339 5226 2503 5346 pars
2531 5230 3427 5348 facilius‘conspiceretur.
3471 5246 3533 5320 E
3558 5271 3734 5322 vero
3768 5246 4182 5349 p'arotidem
4247 5248 4453 5347 glan-

4196 5370 4445 5446 dulam
