5125 6468
343 4366 403 4408 25:12

1444 1154 2735 1226 ANATOMICAE
3018 1195 3406 1241 5

782 1333 824 1401 Σ
881 1350 955 1411 r,
1026 1324 1149 1429 qui
1211 1324 1415 1400 leves
1492 1319 1842 1425 quosdam
1912 1317 2419 1417 adjacentibus
2465 1318 2794 1396 musculis
2840 1322 3091 1399 ductus
3140 1325 3409 1432 imper-

771 1452 1026 1537 tienS‚
1099 1450 1186 1523 ad
1261 1469 1585 1523 extrema
1660 1446 1881 1549 usque
1951 1444 2350 1544 digitorum
2423 1446 2646 1521 latera
2721 1443 3000 1524 finistrae
3051 1479 3308 1528 manus
3359 1484 3404 1529 u

772 1575 1172 1682 pertingit.
1253 1576 1482 1648 Porro
1557 1569 1907 1648 nervosus
1981 1569 2207 1643 axillae
2257 1597 2498 1644 ramus
2555 1589 2589 1634 dN
2652 1572 2730 1644 in
2775 1575 3167 1653 olecranon
3222 1579 3405 1655 desi-

772 1730 962 1778 nens
1016 1697 1504 1803 conspicitur,
1552 1697 1750 1803 isque
1800 1697 1875 1769 in
1928 1696 2284 1782 dextero,
2361 1716 2516 1769 tum
2577 1697 2751 1771 alius
2815 1726 3107 1802 quoque
3162 1731 3400 1781 ramus
3508 1766 3513 1771 .

771 1854 814 1900 a
869 1823 1142 1900 finistro
1194 1823 1445 1900 cubitu
1508 1819 1979 1929 proficiscens
2028 1825 2104 1898 K
2156 1823 2245 1897 ad
2295 1847 2601 1926 carpum
2652 1819 2872 1931 usque
2940 1826 3017 1900 in
3083 1849 3403 1907 extrema

769 1972 982 2058 parte
1060 1971 1506 2057 propagatur
1547 2005 1565 2024 .
2093 2033 2095 2036 .

984 2081 1340 2154 Praeterea
1410 2101 1766 2160 venarum
1838 2073 2097 2149 ductus
2167 2100 2297 2179 per
2378 2073 2759 2149 articulum
2829 2072 3058 2179 ipsum
3110 2077 3401 2183 disperfi

771 2224 1183 2308 apparent.
1279 2211 1312 2279 δ
1386 2200 1673 2277 soboles
1750 2198 1845 2275 est
1925 2201 2183 2276 medioe
2231 2167 2491 2289 verste,
2568 2229 2725 2305 qua:
2794 2199 3231 2306 profundior
3278 2205 3406 2282 sub

630 2362 637 2374 ·
697 2405 700 2408 ,
772 2331 982 2405 axilla
1037 2328 1313 2406 existit.
1363 2328 1540 2402 Haec
1591 2324 1832 2402 subter
1883 2350 2236 2429 magnum
2287 2328 2679 2403 dexterum
2731 2326 3199 2405 brachiorum
3251 2355 3409 2407 ner-
3460 2348 3462 2354 “

674 2541 682 2559 ,
767 2482 945 2539 vum
1000 2453 1370 2542 tenditur,
1424 2473 1503 2527 ut
1554 2450 2041 2528 humerariam
2074 2510 2092 2541 ,
2165 2453 2280 2528 vel
2333 2452 2782 2556 cephalicam
2833 2455 2909 2528 in
2961 2455 3236 2532 vertice
3288 2471 3405 2531 cu-

771 2577 908 2654 biti
955 2578 1005 2655 b
1058 2578 1443 2654 constituat
1483 2590 1512 2653 .’
1577 2578 1922 2683 Denique
1976 2607 2018 2653 u
2073 2579 2347 2653 indicat
2402 2579 2717 2669 extimos,
2761 2607 3014 2667 venae,
3062 2607 3224 2683 quae
3274 2578 3405 2656 sub

765 2705 978 2778 axilla
1034 2704 1179 2793 est,
1235 2731 1521 2798 ra-mQS‚
1594 2723 1692 2803 Ut.
1743 2704 1814 2777 in
1889 2704 2161 2779 extima
2218 2705 2411 2779 laevae
2461 2707 2975 2808 manus‘parte
3046 2732 3133 2778 rr
3205 2694 3407 2779 com-

767 2857 1034 2905 munes
1083 2828 1565 2935 superficiales
1602 2888 1621 2919 ‚
1699 2843 1888 2935 quas'
1949 2816 2421 2928 Medicorum
2488 2813 2747 2939 vulgus
2793 2831 3235 2936 salvatellas
3284 2857 3407 2935 ap-

652 2991 661 2997 s<
765 2958 989 3059 pellat
1022 3014 1040 3043 ,
1110 2955 1440 3032 ostendat
1480 3014 1499 3030 .

981 3083 1067 3154 ln
1123 3078 1417 3156 femoris
1470 3081 1747 3158 vertice
1797 3080 2169 3156 carnosior
2222 3082 2719 3159 membranofi
2770 3080 3065 3158 musculi
3114 3107 3280 3185 pars
3325 3099 3402 3175 4.

764 3205 1350 3312 deprehenditur
1383 3263 1402 3293 ,
1475 3218 1695 3311 atque
1767 3207 1941 3283 inde
2005 3207 2278 3282 {artorii
2337 3236 2447 3283 11.
2479 3268 2497 3295 ‚
2551 3208 2784 3286 refflus
2835 3236 2952 3297 m,
3003 3205 3234 3281 vastus
3285 3232 3409 3280 ex-

764 3334 990 3408 terior
1047 3362 1094 3407 n
1126 3392 1144 3423 ‚
1198 3332 1431 3407 vastus
1485 3334 1787 3410 interior
1837 3336 1860 3407 l
1913 3330 2038 3408 sub
2092 3335 2342 3408 oculis¹
2390 3334 2551 3408 sunt
2583 3393 2602 3422 ,
2679 3360 2989 3437 quorum
3060 3333 3403 3408 tendines

761 3463 1078 3536 rotulam
1130 3459 1204 3530 in
1264 3455 1391 3531 fitu
1470 3460 1610 3532 TT
1674 3460 2256 3562 amplectuntur.
2336 3459 2633 3563 Insuper
2706 3457 3252 3562 conspiciuntur
3299 3457 3401 3529 in

764 3583 1173 3687 tibiisqu,
1227 3584 1518 3682 gemelli
1569 3613 1690 3657 oo
1722 3643 1741 3671 ,
1791 3585 2038 3662 {olaeus
2080 3613 2168 3689 p,
2226 3586 2442 3661 tibiaci
2484 3585 2705 3659 antici
2757 3611 2842 3656 rr
2874 3641 2892 3672 ,
2948 3583 3231 3685 pollicis
3281 3607 3402 3689 ext·
3513 3654 3514 3657 ,
3619 3624 3623 3629 »
3693 3612 3696 3615 ·

766 3708 1098 3785 tensores
1147 3701 1340 3795 HH',
1394 3706 2062 3807 digitorum‘etiagm
2117 3701 2536 3809 exterisores
2588 3731 2665 3781 tt
2697 3697 2739 3795 ‚¹
2770 3734 2852 3781 ac
2904 3706 3228 3809 peronaei
3278 3731 3412 3807 po<-

719 3915 725 3922 .-
763 3830 917 3906 ssici
957 3859 1069 3906 ss.
1125 3828 1292 3906 Sese
1345 3858 1643 3935 quoque
1696 3830 2049 3907 exhibent
2102 3831 2670 3934 conspiciendos
2709 3856 2996 3903 crurum
3041 3830 3252 3903 nervi
3291 3865 3349 3914 ες
3378 3887 3399 3917 ,

767 3959 895 4063 qui
947 3984 987 4034 a
1038 3955 1307 4034 lumbis
1355 3954 1923 4061 proficiscuntur
1981 3965 2014 4032 Σ
2050 3969 2084 4035 Σ
2125 4015 2145 4045 ‚
2216 3984 2367 4060 quo
2437 3957 2579 4030 loci
2628 3957 2872 4060 ⁴paulo
2918 3952 3241 4059 superius
3291 3953 3409 4028 alii

720 4083 1188 4162 *lumborum
1266 4083 1475 4160 nervi
1548 4103 1679 4187 per
1749 4085 2079 4166 laterales
2151 4080 2448 4158 femoris
2512 4103 2754 4185 partes
2830 4080 3400 4184 expanduntur.

699 4270 705 4273 .*
768 4208 920 4287 Sub
988 4212 1216 4282 oculis
1288 4210 1463 4283 item
1535 4207 1851 4284 versatur
1923 4236 2235 4309 magnus
2300 4232 2595 4282 crurum
2648 4230 2913 4278 nervus
2967 4204 3058 4277 ab
3107 4204 3258 4277 offe
3306 4201 3405 4278 sa-

765 4359 897 4407 cro
946 4352 1242 4406 exortus
1276 4386 1294 4418 ‚
1347 4331 1473 4433 qui
1526 4332 1600 4402 in
1651 4330 2391 4441 suppoplitaeuni'nn
2444 4331 2640 4414 abit,
2697 4337 2913 4430 a'tque
2965 4327 3056 4431 ad
3107 4320 3405 4402 interio-

763 4486 923 4532 rem
997 4454 1216 4559 usque
1295 4456 1713 4529 malleolum
1786 4478 2281 4561 prop-agatur.
2369 4453 2712 4556 Denique
2783 4452 2859 4525 in
2929 4447 3404 4553 conspectum

766 4580 913 4660 sese
965 4582 1216 4688 prodit
1275 4579 1609 4686 saphaena
1660 4607 1771 4657 xx
1818 4579 1899 4655 in
1949 4577 2504 4689 suppoplitaeam
2554 4573 2891 4653 desinens
2927 4632 2946 4652 .

2272 5312 2324 5380 Β
2693 5290 2698 5309 “
3057 5284 3059 5288 ’
3094 5254 3406 5378 TAssU-
